[
	{
		"movie_key" : 15005,
		"company_id" : 3957,
		"title" : "One Night with the King",
		"budget" : 20000000,
		"popularity" : 3.476925,
		"release_date" : "2006-10-13",
		"revenue" : 13391174,
		"runtime" : 123,
		"movie_status" : "Released",
		"vote_average" : 6.1,
		"vote_count" : 12
	},
	{
		"movie_key" : 15037,
		"company_id" : 5,
		"title" : "Can't Hardly Wait",
		"budget" : 10000000,
		"popularity" : 11.350382,
		"release_date" : "1998-06-12",
		"revenue" : 25605015,
		"runtime" : 100,
		"movie_status" : "Released",
		"vote_average" : 6.1,
		"vote_count" : 122
	},
	{
		"movie_key" : 15173,
		"company_id" : 3204,
		"title" : "Jonah: A VeggieTales Movie",
		"budget" : 0,
		"popularity" : 1.446172,
		"release_date" : "2002-10-04",
		"revenue" : 0,
		"runtime" : 82,
		"movie_status" : "Released",
		"vote_average" : 6.4,
		"vote_count" : 22
	},
	{
		"movie_key" : 15198,
		"company_id" : 915,
		"title" : "Mystery, Alaska",
		"budget" : 28000000,
		"popularity" : 4.436792,
		"release_date" : "1999-10-01",
		"revenue" : 8888143,
		"runtime" : 119,
		"movie_status" : "Released",
		"vote_average" : 6,
		"vote_count" : 69
	},
	{
		"movie_key" : 15239,
		"company_id" : 3052,
		"title" : "The Toxic Avenger",
		"budget" : 0,
		"popularity" : 6.672008,
		"release_date" : "1984-05-01",
		"revenue" : 0,
		"runtime" : 82,
		"movie_status" : "Released",
		"vote_average" : 6.3,
		"vote_count" : 113
	},
	{
		"movie_key" : 15250,
		"company_id" : 3287,
		"title" : "This Christmas",
		"budget" : 13000000,
		"popularity" : 2.388918,
		"release_date" : "2007-11-27",
		"revenue" : 0,
		"runtime" : 117,
		"movie_status" : "Released",
		"vote_average" : 7.1,
		"vote_count" : 29
	},
	{
		"movie_key" : 15256,
		"company_id" : 4,
		"title" : "200 Cigarettes",
		"budget" : 6000000,
		"popularity" : 3.561198,
		"release_date" : "1999-02-26",
		"revenue" : 6852450,
		"runtime" : 101,
		"movie_status" : "Released",
		"vote_average" : 6.1,
		"vote_count" : 44
	},
	{
		"movie_key" : 15301,
		"company_id" : 6194,
		"title" : "Twilight Zone: The Movie",
		"budget" : 10000000,
		"popularity" : 12.902975,
		"release_date" : "1983-06-24",
		"revenue" : 29450919,
		"runtime" : 101,
		"movie_status" : "Released",
		"vote_average" : 6.2,
		"vote_count" : 161
	},
	{
		"movie_key" : 15365,
		"company_id" : 5122,
		"title" : "Witless Protection",
		"budget" : 0,
		"popularity" : 1.82184,
		"release_date" : "2008-02-22",
		"revenue" : 0,
		"runtime" : 97,
		"movie_status" : "Released",
		"vote_average" : 4,
		"vote_count" : 26
	},
	{
		"movie_key" : 15389,
		"company_id" : 3076,
		"title" : "Metropolitan",
		"budget" : 225000,
		"popularity" : 1.014966,
		"release_date" : "1990-08-03",
		"revenue" : 0,
		"runtime" : 98,
		"movie_status" : "Released",
		"vote_average" : 7,
		"vote_count" : 38
	},
	{
		"movie_key" : 15487,
		"company_id" : 2,
		"title" : "The Greatest Game Ever Played",
		"budget" : 25000000,
		"popularity" : 7.538513,
		"release_date" : "2005-09-30",
		"revenue" : 15431177,
		"runtime" : 120,
		"movie_status" : "Released",
		"vote_average" : 6.9,
		"vote_count" : 110
	},
	{
		"movie_key" : 15512,
		"company_id" : 521,
		"title" : "Monsters vs Aliens",
		"budget" : 175000000,
		"popularity" : 36.167578,
		"release_date" : "2009-03-19",
		"revenue" : 381509870,
		"runtime" : 94,
		"movie_status" : "Released",
		"vote_average" : 6,
		"vote_count" : 1423
	},
	{
		"movie_key" : 15544,
		"company_id" : 3478,
		"title" : "Extreme Movie",
		"budget" : 0,
		"popularity" : 8.148187,
		"release_date" : "2008-12-05",
		"revenue" : 0,
		"runtime" : 88,
		"movie_status" : "Released",
		"vote_average" : 3.9,
		"vote_count" : 44
	},
	{
		"movie_key" : 15556,
		"company_id" : 8411,
		"title" : "At First Sight",
		"budget" : 0,
		"popularity" : 5.778724,
		"release_date" : "1999-01-15",
		"revenue" : 0,
		"runtime" : 128,
		"movie_status" : "Released",
		"vote_average" : 5.9,
		"vote_count" : 48
	},
	{
		"movie_key" : 15582,
		"company_id" : 3267,
		"title" : "Teen Wolf Too",
		"budget" : 0,
		"popularity" : 4.103764,
		"release_date" : "1987-11-20",
		"revenue" : 0,
		"runtime" : 95,
		"movie_status" : "Released",
		"vote_average" : 3.8,
		"vote_count" : 46
	},
	{
		"movie_key" : 15639,
		"company_id" : 18575,
		"title" : "Larry the Cable Guy: Health Inspector",
		"budget" : 0,
		"popularity" : 2.184708,
		"release_date" : "2006-03-24",
		"revenue" : 0,
		"runtime" : 89,
		"movie_status" : "Released",
		"vote_average" : 3.3,
		"vote_count" : 17
	},
	{
		"movie_key" : 15648,
		"company_id" : 33,
		"title" : "The Perfect Man",
		"budget" : 0,
		"popularity" : 11.158906,
		"release_date" : "2005-06-17",
		"revenue" : 0,
		"runtime" : 100,
		"movie_status" : "Released",
		"vote_average" : 5.5,
		"vote_count" : 203
	},
	{
		"movie_key" : 15655,
		"company_id" : 2,
		"title" : "The Tigger Movie",
		"budget" : 30000000,
		"popularity" : 9.829859,
		"release_date" : "2000-02-11",
		"revenue" : 45554533,
		"runtime" : 77,
		"movie_status" : "Released",
		"vote_average" : 6.3,
		"vote_count" : 143
	},
	{
		"movie_key" : 15660,
		"company_id" : 4,
		"title" : "Mommie Dearest",
		"budget" : 0,
		"popularity" : 3.102862,
		"release_date" : "1981-09-18",
		"revenue" : 0,
		"runtime" : 129,
		"movie_status" : "Released",
		"vote_average" : 6.5,
		"vote_count" : 54
	},
	{
		"movie_key" : 15673,
		"company_id" : 33,
		"title" : "Connie and Carla",
		"budget" : 20000000,
		"popularity" : 6.102663,
		"release_date" : "2004-04-16",
		"revenue" : 11341016,
		"runtime" : 98,
		"movie_status" : "Released",
		"vote_average" : 6.4,
		"vote_count" : 24
	},
	{
		"movie_key" : 15699,
		"company_id" : 3102,
		"title" : "Opal Dream",
		"budget" : 5000000,
		"popularity" : 1.458884,
		"release_date" : "2006-11-22",
		"revenue" : 140666,
		"runtime" : 86,
		"movie_status" : "Released",
		"vote_average" : 6.1,
		"vote_count" : 7
	},
	{
		"movie_key" : 15708,
		"company_id" : 328,
		"title" : "Latter Days",
		"budget" : 850000,
		"popularity" : 5.424916,
		"release_date" : "2003-07-10",
		"revenue" : 819939,
		"runtime" : 107,
		"movie_status" : "Released",
		"vote_average" : 6.7,
		"vote_count" : 56
	},
	{
		"movie_key" : 15745,
		"company_id" : 2188,
		"title" : "Made",
		"budget" : 5000000,
		"popularity" : 4.149628,
		"release_date" : "2001-07-13",
		"revenue" : 5476060,
		"runtime" : 94,
		"movie_status" : "Released",
		"vote_average" : 6.3,
		"vote_count" : 55
	},
	{
		"movie_key" : 15765,
		"company_id" : 9195,
		"title" : "What's Love Got to Do with It",
		"budget" : 0,
		"popularity" : 7.921311,
		"release_date" : "1993-06-09",
		"revenue" : 0,
		"runtime" : 118,
		"movie_status" : "Released",
		"vote_average" : 6.9,
		"vote_count" : 72
	},
	{
		"movie_key" : 15875,
		"company_id" : 4,
		"title" : "Donovan's Reef",
		"budget" : 2686000,
		"popularity" : 1.897263,
		"release_date" : "1963-06-12",
		"revenue" : 6600000,
		"runtime" : 109,
		"movie_status" : "Released",
		"vote_average" : 6,
		"vote_count" : 30
	},
	{
		"movie_key" : 15983,
		"company_id" : 4110,
		"title" : "Invasion U.S.A.",
		"budget" : 0,
		"popularity" : 4.192064,
		"release_date" : "1985-09-27",
		"revenue" : 0,
		"runtime" : 107,
		"movie_status" : "Released",
		"vote_average" : 5.3,
		"vote_count" : 49
	},
	{
		"movie_key" : 16158,
		"company_id" : 746,
		"title" : "The Wood",
		"budget" : 6000000,
		"popularity" : 5.537646,
		"release_date" : "1999-07-16",
		"revenue" : 25059640,
		"runtime" : 106,
		"movie_status" : "Released",
		"vote_average" : 7.1,
		"vote_count" : 34
	},
	{
		"movie_key" : 16186,
		"company_id" : 35,
		"title" : "Diary of a Mad Black Woman",
		"budget" : 0,
		"popularity" : 3.784535,
		"release_date" : "2005-02-25",
		"revenue" : 0,
		"runtime" : 116,
		"movie_status" : "Released",
		"vote_average" : 6.4,
		"vote_count" : 71
	},
	{
		"movie_key" : 16222,
		"company_id" : 441,
		"title" : "Whatever It Takes",
		"budget" : 15000000,
		"popularity" : 8.074807,
		"release_date" : "2000-03-31",
		"revenue" : 9902115,
		"runtime" : 94,
		"movie_status" : "Released",
		"vote_average" : 5,
		"vote_count" : 37
	},
	{
		"movie_key" : 16232,
		"company_id" : 9195,
		"title" : "Mr. 3000",
		"budget" : 30000000,
		"popularity" : 2.850896,
		"release_date" : "2004-06-15",
		"revenue" : 21800302,
		"runtime" : 104,
		"movie_status" : "Released",
		"vote_average" : 5,
		"vote_count" : 66
	},
	{
		"movie_key" : 16290,
		"company_id" : 746,
		"title" : "Jackass 3D",
		"budget" : 20000000,
		"popularity" : 20.99174,
		"release_date" : "2010-10-15",
		"revenue" : 117224271,
		"runtime" : 94,
		"movie_status" : "Released",
		"vote_average" : 6.4,
		"vote_count" : 428
	},
	{
		"movie_key" : 16323,
		"company_id" : 306,
		"title" : "The Rose",
		"budget" : 9250000,
		"popularity" : 7.000949,
		"release_date" : "1979-11-07",
		"revenue" : 29174648,
		"runtime" : 125,
		"movie_status" : "Released",
		"vote_average" : 6.8,
		"vote_count" : 28
	},
	{
		"movie_key" : 16337,
		"company_id" : 4110,
		"title" : "The Texas Chainsaw Massacre 2",
		"budget" : 4700000,
		"popularity" : 9.617777,
		"release_date" : "1986-08-22",
		"revenue" : 8025872,
		"runtime" : 101,
		"movie_status" : "Released",
		"vote_average" : 5.9,
		"vote_count" : 139
	},
	{
		"movie_key" : 16353,
		"company_id" : 3182,
		"title" : "Ong Bak 2",
		"budget" : 8500000,
		"popularity" : 9.029489,
		"release_date" : "2008-12-04",
		"revenue" : 8936663,
		"runtime" : 98,
		"movie_status" : "Released",
		"vote_average" : 6,
		"vote_count" : 152
	},
	{
		"movie_key" : 16388,
		"company_id" : 43,
		"title" : "The Brothers McMullen",
		"budget" : 0,
		"popularity" : 1.578903,
		"release_date" : "1995-08-09",
		"revenue" : 0,
		"runtime" : 98,
		"movie_status" : "Released",
		"vote_average" : 6.3,
		"vote_count" : 23
	},
	{
		"movie_key" : 16406,
		"company_id" : 5,
		"title" : "Dick",
		"budget" : 13000000,
		"popularity" : 4.742537,
		"release_date" : "1999-08-04",
		"revenue" : 27500000,
		"runtime" : 94,
		"movie_status" : "Released",
		"vote_average" : 5.7,
		"vote_count" : 67
	},
	{
		"movie_key" : 16508,
		"company_id" : 2,
		"title" : "Doug's 1st Movie",
		"budget" : 0,
		"popularity" : 1.88484,
		"release_date" : "1999-03-26",
		"revenue" : 0,
		"runtime" : 77,
		"movie_status" : "Released",
		"vote_average" : 5.4,
		"vote_count" : 22
	},
	{
		"movie_key" : 16633,
		"company_id" : 2070,
		"title" : "Somewhere in Time",
		"budget" : 5100000,
		"popularity" : 5.934016,
		"release_date" : "1980-10-02",
		"revenue" : 0,
		"runtime" : 103,
		"movie_status" : "Released",
		"vote_average" : 7.2,
		"vote_count" : 102
	},
	{
		"movie_key" : 16642,
		"company_id" : 4,
		"title" : "Days of Heaven",
		"budget" : 0,
		"popularity" : 13.857194,
		"release_date" : "1978-09-13",
		"revenue" : 0,
		"runtime" : 94,
		"movie_status" : "Released",
		"vote_average" : 7.6,
		"vote_count" : 234
	},
	{
		"movie_key" : 16651,
		"company_id" : 3208,
		"title" : "The Other Side of Heaven",
		"budget" : 7000000,
		"popularity" : 2.206097,
		"release_date" : "2001-04-12",
		"revenue" : 4720371,
		"runtime" : 113,
		"movie_status" : "Released",
		"vote_average" : 6.7,
		"vote_count" : 14
	},
	{
		"movie_key" : 16653,
		"company_id" : 4003,
		"title" : "The Singles Ward",
		"budget" : 0,
		"popularity" : 0.920591,
		"release_date" : "2002-01-30",
		"revenue" : 0,
		"runtime" : 102,
		"movie_status" : "Released",
		"vote_average" : 7.5,
		"vote_count" : 4
	},
	{
		"movie_key" : 16769,
		"company_id" : 33,
		"title" : "Coal Miner's Daughter",
		"budget" : 15000000,
		"popularity" : 3.826685,
		"release_date" : "1980-03-07",
		"revenue" : 67182787,
		"runtime" : 125,
		"movie_status" : "Released",
		"vote_average" : 7.2,
		"vote_count" : 67
	},
	{
		"movie_key" : 16781,
		"company_id" : 35,
		"title" : "Madea's Family Reunion",
		"budget" : 6000000,
		"popularity" : 5.882208,
		"release_date" : "2006-02-24",
		"revenue" : 57231524,
		"runtime" : 110,
		"movie_status" : "Released",
		"vote_average" : 6,
		"vote_count" : 77
	},
	{
		"movie_key" : 16888,
		"company_id" : 2822,
		"title" : "The Ladies Man",
		"budget" : 24000000,
		"popularity" : 2.259537,
		"release_date" : "2000-10-13",
		"revenue" : 13700000,
		"runtime" : 84,
		"movie_status" : "Released",
		"vote_average" : 5.7,
		"vote_count" : 34
	},
	{
		"movie_key" : 17127,
		"company_id" : 306,
		"title" : "The Object of My Affection",
		"budget" : 15000000,
		"popularity" : 5.164281,
		"release_date" : "1998-04-17",
		"revenue" : 46905889,
		"runtime" : 111,
		"movie_status" : "Released",
		"vote_average" : 5.6,
		"vote_count" : 72
	},
	{
		"movie_key" : 17182,
		"company_id" : 4,
		"title" : "Eye for an Eye",
		"budget" : 20000000,
		"popularity" : 3.996392,
		"release_date" : "1996-01-12",
		"revenue" : 0,
		"runtime" : 101,
		"movie_status" : "Released",
		"vote_average" : 5.8,
		"vote_count" : 63
	},
	{
		"movie_key" : 17186,
		"company_id" : 2636,
		"title" : "Supercross",
		"budget" : 0,
		"popularity" : 3.71305,
		"release_date" : "2005-08-16",
		"revenue" : 3102550,
		"runtime" : 80,
		"movie_status" : "Released",
		"vote_average" : 5.4,
		"vote_count" : 29
	},
	{
		"movie_key" : 17187,
		"company_id" : 33,
		"title" : "The Emperor's Club",
		"budget" : 0,
		"popularity" : 6.796079,
		"release_date" : "2002-11-22",
		"revenue" : 0,
		"runtime" : 108,
		"movie_status" : "Released",
		"vote_average" : 6.9,
		"vote_count" : 96
	},
	{
		"movie_key" : 17202,
		"company_id" : 35,
		"title" : "Why Did I Get Married?",
		"budget" : 15000000,
		"popularity" : 2.005111,
		"release_date" : "2007-10-12",
		"revenue" : 55184721,
		"runtime" : 113,
		"movie_status" : "Released",
		"vote_average" : 6.1,
		"vote_count" : 33
	},
	{
		"movie_key" : 17264,
		"company_id" : 60,
		"title" : "The Black Stallion",
		"budget" : 2700000,
		"popularity" : 11.35972,
		"release_date" : "1979-10-17",
		"revenue" : 37799643,
		"runtime" : 118,
		"movie_status" : "Released",
		"vote_average" : 7,
		"vote_count" : 59
	},
	{
		"movie_key" : 17339,
		"company_id" : 441,
		"title" : "Force 10 from Navarone",
		"budget" : 5000000,
		"popularity" : 5.348446,
		"release_date" : "1978-11-01",
		"revenue" : 7230000,
		"runtime" : 118,
		"movie_status" : "Released",
		"vote_average" : 6.4,
		"vote_count" : 91
	},
	{
		"movie_key" : 17379,
		"company_id" : 4,
		"title" : "Last Holiday",
		"budget" : 45000000,
		"popularity" : 6.156015,
		"release_date" : "2006-01-13",
		"revenue" : 38399961,
		"runtime" : 112,
		"movie_status" : "Released",
		"vote_average" : 6.4,
		"vote_count" : 119
	},
	{
		"movie_key" : 17436,
		"company_id" : 3319,
		"title" : "The Informers",
		"budget" : 18000000,
		"popularity" : 6.333869,
		"release_date" : "2008-11-05",
		"revenue" : 382174,
		"runtime" : 98,
		"movie_status" : "Released",
		"vote_average" : 4.4,
		"vote_count" : 60
	},
	{
		"movie_key" : 17663,
		"company_id" : 12296,
		"title" : "Anne of Green Gables",
		"budget" : 0,
		"popularity" : 8.772574,
		"release_date" : "1985-12-01",
		"revenue" : 0,
		"runtime" : 199,
		"movie_status" : "Released",
		"vote_average" : 8.2,
		"vote_count" : 68
	},
	{
		"movie_key" : 17820,
		"company_id" : 8411,
		"title" : "Show Boat",
		"budget" : 2300000,
		"popularity" : 1.606314,
		"release_date" : "1951-07-13",
		"revenue" : 11000000,
		"runtime" : 107,
		"movie_status" : "Released",
		"vote_average" : 6.9,
		"vote_count" : 18
	},
	{
		"movie_key" : 17880,
		"company_id" : 306,
		"title" : "Because of Winn-Dixie",
		"budget" : 14000000,
		"popularity" : 3.334804,
		"release_date" : "2005-02-18",
		"revenue" : 32645546,
		"runtime" : 106,
		"movie_status" : "Released",
		"vote_average" : 6.1,
		"vote_count" : 61
	},
	{
		"movie_key" : 17995,
		"company_id" : 10958,
		"title" : "DysFunktional Family",
		"budget" : 0,
		"popularity" : 1.580027,
		"release_date" : "2003-04-04",
		"revenue" : 0,
		"runtime" : 89,
		"movie_status" : "Released",
		"vote_average" : 6.1,
		"vote_count" : 4
	},
	{
		"movie_key" : 18191,
		"company_id" : 3521,
		"title" : "Edmond",
		"budget" : 10000000,
		"popularity" : 2.803642,
		"release_date" : "2005-08-31",
		"revenue" : 0,
		"runtime" : 82,
		"movie_status" : "Released",
		"vote_average" : 6,
		"vote_count" : 50
	},
	{
		"movie_key" : 18238,
		"company_id" : 3471,
		"title" : "Lesbian Vampire Killers",
		"budget" : 0,
		"popularity" : 6.632891,
		"release_date" : "2009-03-16",
		"revenue" : 0,
		"runtime" : 86,
		"movie_status" : "Released",
		"vote_average" : 5.3,
		"vote_count" : 124
	},
	{
		"movie_key" : 18320,
		"company_id" : 3281,
		"title" : "The Young Victoria",
		"budget" : 35000000,
		"popularity" : 16.343317,
		"release_date" : "2009-03-04",
		"revenue" : 27409889,
		"runtime" : 105,
		"movie_status" : "Released",
		"vote_average" : 7,
		"vote_count" : 322
	},
	{
		"movie_key" : 18357,
		"company_id" : 2,
		"title" : "The Country Bears",
		"budget" : 35000000,
		"popularity" : 6.908351,
		"release_date" : "2002-07-26",
		"revenue" : 0,
		"runtime" : 88,
		"movie_status" : "Released",
		"vote_average" : 4.3,
		"vote_count" : 20
	},
	{
		"movie_key" : 18475,
		"company_id" : 3494,
		"title" : "The Cookout",
		"budget" : 16000000,
		"popularity" : 0.830596,
		"release_date" : "2004-09-03",
		"revenue" : 12,
		"runtime" : 97,
		"movie_status" : "Released",
		"vote_average" : 4.6,
		"vote_count" : 10
	},
	{
		"movie_key" : 18480,
		"company_id" : 33,
		"title" : "Brüno",
		"budget" : 42000000,
		"popularity" : 16.122168,
		"release_date" : "2009-07-08",
		"revenue" : 0,
		"runtime" : 83,
		"movie_status" : "Released",
		"vote_average" : 5.4,
		"vote_count" : 518
	},
	{
		"movie_key" : 18550,
		"company_id" : 8411,
		"title" : "Fled",
		"budget" : 25000000,
		"popularity" : 2.77255,
		"release_date" : "1996-07-19",
		"revenue" : 17193231,
		"runtime" : 98,
		"movie_status" : "Released",
		"vote_average" : 5.2,
		"vote_count" : 47
	},
	{
		"movie_key" : 18570,
		"company_id" : 1030,
		"title" : "Food, Inc.",
		"budget" : 0,
		"popularity" : 15.017162,
		"release_date" : "2008-09-07",
		"revenue" : 0,
		"runtime" : 94,
		"movie_status" : "Released",
		"vote_average" : 7.4,
		"vote_count" : 217
	},
	{
		"movie_key" : 18602,
		"company_id" : 11842,
		"title" : "Morvern Callar",
		"budget" : 0,
		"popularity" : 2.507912,
		"release_date" : "2002-01-01",
		"revenue" : 0,
		"runtime" : 97,
		"movie_status" : "Released",
		"vote_average" : 7.2,
		"vote_count" : 34
	},
	{
		"movie_key" : 18616,
		"company_id" : 3517,
		"title" : "No Man's Land: The Rise of Reeker",
		"budget" : 2000000,
		"popularity" : 4.346271,
		"release_date" : "2008-05-01",
		"revenue" : 0,
		"runtime" : 88,
		"movie_status" : "Released",
		"vote_average" : 4.4,
		"vote_count" : 27
	},
	{
		"movie_key" : 18632,
		"company_id" : 61307,
		"title" : "A Dog's Breakfast",
		"budget" : 120000,
		"popularity" : 2.213889,
		"release_date" : "2007-03-03",
		"revenue" : 0,
		"runtime" : 88,
		"movie_status" : "Released",
		"vote_average" : 5.9,
		"vote_count" : 24
	},
	{
		"movie_key" : 18681,
		"company_id" : 769,
		"title" : "Eye of the Beholder",
		"budget" : 15000000,
		"popularity" : 4.302941,
		"release_date" : "1999-09-04",
		"revenue" : 0,
		"runtime" : 109,
		"movie_status" : "Released",
		"vote_average" : 5.3,
		"vote_count" : 42
	},
	{
		"movie_key" : 18701,
		"company_id" : 805,
		"title" : "Being Julia",
		"budget" : 0,
		"popularity" : 1.946634,
		"release_date" : "2004-09-03",
		"revenue" : 0,
		"runtime" : 104,
		"movie_status" : "Released",
		"vote_average" : 6.4,
		"vote_count" : 23
	},
	{
		"movie_key" : 18712,
		"company_id" : 14317,
		"title" : "Sands of Iwo Jima",
		"budget" : 1000000,
		"popularity" : 3.851,
		"release_date" : "1949-12-14",
		"revenue" : 7800000,
		"runtime" : 100,
		"movie_status" : "Released",
		"vote_average" : 6.2,
		"vote_count" : 33
	},
	{
		"movie_key" : 18808,
		"company_id" : 50893,
		"title" : "Highway",
		"budget" : 14000000,
		"popularity" : 3.419685,
		"release_date" : "2002-01-01",
		"revenue" : 0,
		"runtime" : 97,
		"movie_status" : "Released",
		"vote_average" : 5.6,
		"vote_count" : 37
	},
	{
		"movie_key" : 18828,
		"company_id" : 9195,
		"title" : "Double Take",
		"budget" : 0,
		"popularity" : 1.903405,
		"release_date" : "2001-01-12",
		"revenue" : 0,
		"runtime" : 88,
		"movie_status" : "Released",
		"vote_average" : 5.5,
		"vote_count" : 24
	},
	{
		"movie_key" : 18886,
		"company_id" : 4,
		"title" : "Flight of the Intruder",
		"budget" : 35000000,
		"popularity" : 6.81729,
		"release_date" : "1991-01-18",
		"revenue" : 0,
		"runtime" : 115,
		"movie_status" : "Released",
		"vote_average" : 5.7,
		"vote_count" : 31
	},
	{
		"movie_key" : 18925,
		"company_id" : 769,
		"title" : "Facing the Giants",
		"budget" : 100000,
		"popularity" : 4.563698,
		"release_date" : "2006-09-29",
		"revenue" : 10178331,
		"runtime" : 111,
		"movie_status" : "Released",
		"vote_average" : 6.6,
		"vote_count" : 64
	},
	{
		"movie_key" : 18937,
		"company_id" : 6194,
		"title" : "Quest for Camelot",
		"budget" : 40000000,
		"popularity" : 16.059443,
		"release_date" : "1998-05-15",
		"revenue" : 38172500,
		"runtime" : 86,
		"movie_status" : "Released",
		"vote_average" : 6.9,
		"vote_count" : 190
	},
	{
		"movie_key" : 19150,
		"company_id" : 9195,
		"title" : "The Crew",
		"budget" : 0,
		"popularity" : 2.634119,
		"release_date" : "2000-08-21",
		"revenue" : 0,
		"runtime" : 88,
		"movie_status" : "Released",
		"vote_average" : 6.4,
		"vote_count" : 11
	},
	{
		"movie_key" : 19204,
		"company_id" : 13682,
		"title" : "...E tu vivrai nel terrore! L'aldilà",
		"budget" : 0,
		"popularity" : 8.022122,
		"release_date" : "1981-04-22",
		"revenue" : 0,
		"runtime" : 87,
		"movie_status" : "Released",
		"vote_average" : 6.6,
		"vote_count" : 117
	},
	{
		"movie_key" : 19556,
		"company_id" : 3638,
		"title" : "Miss March",
		"budget" : 0,
		"popularity" : 9.371534,
		"release_date" : "2009-03-13",
		"revenue" : 0,
		"runtime" : 89,
		"movie_status" : "Released",
		"vote_average" : 5.4,
		"vote_count" : 77
	},
	{
		"movie_key" : 19644,
		"company_id" : 3660,
		"title" : "실미도",
		"budget" : 8000000,
		"popularity" : 2.60632,
		"release_date" : "2003-12-24",
		"revenue" : 0,
		"runtime" : 135,
		"movie_status" : "Released",
		"vote_average" : 6.6,
		"vote_count" : 28
	},
	{
		"movie_key" : 19803,
		"company_id" : 14,
		"title" : "Underclassman",
		"budget" : 0,
		"popularity" : 2.083856,
		"release_date" : "2005-09-02",
		"revenue" : 0,
		"runtime" : 95,
		"movie_status" : "Released",
		"vote_average" : 5.5,
		"vote_count" : 28
	},
	{
		"movie_key" : 19848,
		"company_id" : 12,
		"title" : "The Players Club",
		"budget" : 0,
		"popularity" : 5.769822,
		"release_date" : "1998-04-08",
		"revenue" : 0,
		"runtime" : 104,
		"movie_status" : "Released",
		"vote_average" : 6.4,
		"vote_count" : 14
	},
	{
		"movie_key" : 19904,
		"company_id" : 3287,
		"title" : "The Stepfather",
		"budget" : 0,
		"popularity" : 7.924428,
		"release_date" : "2009-10-16",
		"revenue" : 0,
		"runtime" : 101,
		"movie_status" : "Released",
		"vote_average" : 5.4,
		"vote_count" : 167
	},
	{
		"movie_key" : 19997,
		"company_id" : 306,
		"title" : "Niagara",
		"budget" : 1250000,
		"popularity" : 9.903992,
		"release_date" : "1953-01-21",
		"revenue" : 8500000,
		"runtime" : 92,
		"movie_status" : "Released",
		"vote_average" : 6.7,
		"vote_count" : 79
	},
	{
		"movie_key" : 20024,
		"company_id" : 441,
		"title" : "The End of the Affair",
		"budget" : 23000000,
		"popularity" : 6.921263,
		"release_date" : "1999-12-03",
		"revenue" : 10827816,
		"runtime" : 102,
		"movie_status" : "Released",
		"vote_average" : 6.6,
		"vote_count" : 55
	},
	{
		"movie_key" : 20055,
		"company_id" : 8411,
		"title" : "The Betrayed",
		"budget" : 3500000,
		"popularity" : 1.348114,
		"release_date" : "2008-09-27",
		"revenue" : 0,
		"runtime" : 98,
		"movie_status" : "Released",
		"vote_average" : 5.2,
		"vote_count" : 10
	},
	{
		"movie_key" : 20083,
		"company_id" : 5649,
		"title" : "新宿事件",
		"budget" : 15000000,
		"popularity" : 5.294319,
		"release_date" : "2009-03-22",
		"revenue" : 0,
		"runtime" : 119,
		"movie_status" : "Released",
		"vote_average" : 6.7,
		"vote_count" : 65
	},
	{
		"movie_key" : 20533,
		"company_id" : 6194,
		"title" : "Jonah Hex",
		"budget" : 47000000,
		"popularity" : 22.581313,
		"release_date" : "2010-06-18",
		"revenue" : 10539000,
		"runtime" : 80,
		"movie_status" : "Released",
		"vote_average" : 4.4,
		"vote_count" : 420
	},
	{
		"movie_key" : 20737,
		"company_id" : 2,
		"title" : "Air Bud",
		"budget" : 3000000,
		"popularity" : 11.241802,
		"release_date" : "1997-08-01",
		"revenue" : 23144499,
		"runtime" : 98,
		"movie_status" : "Released",
		"vote_average" : 5.3,
		"vote_count" : 106
	},
	{
		"movie_key" : 20761,
		"company_id" : 9195,
		"title" : "Play It to the Bone",
		"budget" : 24000000,
		"popularity" : 5.566203,
		"release_date" : "1999-12-25",
		"revenue" : 8434146,
		"runtime" : 124,
		"movie_status" : "Released",
		"vote_average" : 5.7,
		"vote_count" : 53
	},
	{
		"movie_key" : 20764,
		"company_id" : 1785,
		"title" : "Sleep Dealer",
		"budget" : 2500000,
		"popularity" : 4.624691,
		"release_date" : "2008-12-10",
		"revenue" : 107559,
		"runtime" : 90,
		"movie_status" : "Released",
		"vote_average" : 6,
		"vote_count" : 40
	},
	{
		"movie_key" : 20770,
		"company_id" : 4131,
		"title" : "But I'm a Cheerleader",
		"budget" : 0,
		"popularity" : 4.826908,
		"release_date" : "1999-09-12",
		"revenue" : 0,
		"runtime" : 85,
		"movie_status" : "Released",
		"vote_average" : 6.5,
		"vote_count" : 101
	},
	{
		"movie_key" : 20794,
		"company_id" : 3840,
		"title" : "Novocaine",
		"budget" : 6000000,
		"popularity" : 4.148253,
		"release_date" : "2001-11-23",
		"revenue" : 2025238,
		"runtime" : 95,
		"movie_status" : "Released",
		"vote_average" : 6,
		"vote_count" : 44
	},
	{
		"movie_key" : 20981,
		"company_id" : 17827,
		"title" : "The Call of Cthulhu",
		"budget" : 50000,
		"popularity" : 1.777148,
		"release_date" : "2005-01-01",
		"revenue" : 0,
		"runtime" : 47,
		"movie_status" : "Released",
		"vote_average" : 6.9,
		"vote_count" : 41
	},
	{
		"movie_key" : 21283,
		"company_id" : 3945,
		"title" : "Steppin: The Movie",
		"budget" : 0,
		"popularity" : 0.328498,
		"release_date" : "2009-05-19",
		"revenue" : 0,
		"runtime" : 85,
		"movie_status" : "Released",
		"vote_average" : 5,
		"vote_count" : 4
	},
	{
		"movie_key" : 21301,
		"company_id" : 8411,
		"title" : "Barbershop 2:  Back in Business",
		"budget" : 18000000,
		"popularity" : 6.501815,
		"release_date" : "2004-01-20",
		"revenue" : 65070412,
		"runtime" : 106,
		"movie_status" : "Released",
		"vote_average" : 5.6,
		"vote_count" : 74
	},
	{
		"movie_key" : 21311,
		"company_id" : 5,
		"title" : "I Dreamed of Africa",
		"budget" : 34000000,
		"popularity" : 1.656695,
		"release_date" : "2000-05-05",
		"revenue" : 0,
		"runtime" : 114,
		"movie_status" : "Released",
		"vote_average" : 5.3,
		"vote_count" : 18
	},
	{
		"movie_key" : 21334,
		"company_id" : 11460,
		"title" : "بچه‌های آسمان",
		"budget" : 180000,
		"popularity" : 7.072118,
		"release_date" : "1997-08-01",
		"revenue" : 900000,
		"runtime" : 89,
		"movie_status" : "Released",
		"vote_average" : 7.8,
		"vote_count" : 112
	},
	{
		"movie_key" : 21612,
		"company_id" : 3989,
		"title" : "The Funeral",
		"budget" : 12500000,
		"popularity" : 2.950618,
		"release_date" : "1996-01-26",
		"revenue" : 1227324,
		"runtime" : 99,
		"movie_status" : "Released",
		"vote_average" : 7.3,
		"vote_count" : 31
	},
	{
		"movie_key" : 22013,
		"company_id" : 60,
		"title" : "Elmer Gantry",
		"budget" : 3000000,
		"popularity" : 6.734965,
		"release_date" : "1960-06-19",
		"revenue" : 10400000,
		"runtime" : 146,
		"movie_status" : "Released",
		"vote_average" : 7.3,
		"vote_count" : 41
	},
	{
		"movie_key" : 22301,
		"company_id" : 13866,
		"title" : "Hell's Angels",
		"budget" : 3950000,
		"popularity" : 8.484123,
		"release_date" : "1930-11-15",
		"revenue" : 8000000,
		"runtime" : 127,
		"movie_status" : "Released",
		"vote_average" : 6.1,
		"vote_count" : 19
	},
	{
		"movie_key" : 22314,
		"company_id" : 4380,
		"title" : "In Too Deep",
		"budget" : 7000000,
		"popularity" : 2.772178,
		"release_date" : "1999-08-25",
		"revenue" : 14011454,
		"runtime" : 97,
		"movie_status" : "Released",
		"vote_average" : 6.2,
		"vote_count" : 17
	},
	{
		"movie_key" : 22327,
		"company_id" : 7405,
		"title" : "Youth in Revolt",
		"budget" : 18000000,
		"popularity" : 13.462544,
		"release_date" : "2009-09-11",
		"revenue" : 0,
		"runtime" : 87,
		"movie_status" : "Released",
		"vote_average" : 5.9,
		"vote_count" : 319
	},
	{
		"movie_key" : 22556,
		"company_id" : 6536,
		"title" : "The Yellow Handkerchief",
		"budget" : 15000000,
		"popularity" : 3.803495,
		"release_date" : "2008-12-17",
		"revenue" : 317000,
		"runtime" : 102,
		"movie_status" : "Released",
		"vote_average" : 6.4,
		"vote_count" : 52
	},
	{
		"movie_key" : 22600,
		"company_id" : 4113,
		"title" : "Jerusalema",
		"budget" : 0,
		"popularity" : 1.717376,
		"release_date" : "2008-02-11",
		"revenue" : 0,
		"runtime" : 120,
		"movie_status" : "Released",
		"vote_average" : 6.8,
		"vote_count" : 16
	},
	{
		"movie_key" : 22649,
		"company_id" : 4,
		"title" : "A Farewell to Arms",
		"budget" : 4,
		"popularity" : 1.199451,
		"release_date" : "1932-12-08",
		"revenue" : 25,
		"runtime" : 89,
		"movie_status" : "Released",
		"vote_average" : 6.2,
		"vote_count" : 28
	},
	{
		"movie_key" : 22805,
		"company_id" : 1512,
		"title" : "Motherhood",
		"budget" : 0,
		"popularity" : 10.955567,
		"release_date" : "2009-01-21",
		"revenue" : 0,
		"runtime" : 90,
		"movie_status" : "Released",
		"vote_average" : 4.7,
		"vote_count" : 44
	},
	{
		"movie_key" : 22894,
		"company_id" : 2266,
		"title" : "Legion",
		"budget" : 26000000,
		"popularity" : 30.981604,
		"release_date" : "2010-01-21",
		"revenue" : 67918658,
		"runtime" : 100,
		"movie_status" : "Released",
		"vote_average" : 5.2,
		"vote_count" : 629
	},
	{
		"movie_key" : 22907,
		"company_id" : 1309,
		"title" : "Takers",
		"budget" : 32000000,
		"popularity" : 18.47242,
		"release_date" : "2010-08-26",
		"revenue" : 69055695,
		"runtime" : 107,
		"movie_status" : "Released",
		"vote_average" : 6,
		"vote_count" : 394
	},
	{
		"movie_key" : 22913,
		"company_id" : 4189,
		"title" : "24 7: Twenty Four Seven",
		"budget" : 0,
		"popularity" : 0.744406,
		"release_date" : "1997-08-31",
		"revenue" : 0,
		"runtime" : 96,
		"movie_status" : "Released",
		"vote_average" : 6.3,
		"vote_count" : 10
	},
	{
		"movie_key" : 22971,
		"company_id" : 3287,
		"title" : "Dear John",
		"budget" : 25000000,
		"popularity" : 19.402816,
		"release_date" : "2010-02-04",
		"revenue" : 114977104,
		"runtime" : 115,
		"movie_status" : "Released",
		"vote_average" : 6.6,
		"vote_count" : 1262
	},
	{
		"movie_key" : 23169,
		"company_id" : 491,
		"title" : "Remember Me",
		"budget" : 20000000,
		"popularity" : 36.764666,
		"release_date" : "2010-03-12",
		"revenue" : 0,
		"runtime" : 113,
		"movie_status" : "Released",
		"vote_average" : 6.9,
		"vote_count" : 948
	},
	{
		"movie_key" : 23330,
		"company_id" : 6194,
		"title" : "The Ballad of Cable Hogue",
		"budget" : 3716946,
		"popularity" : 2.676535,
		"release_date" : "1970-05-13",
		"revenue" : 5000000,
		"runtime" : 121,
		"movie_status" : "Released",
		"vote_average" : 6.9,
		"vote_count" : 47
	},
	{
		"movie_key" : 23479,
		"company_id" : 4,
		"title" : "The Bad News Bears",
		"budget" : 35000000,
		"popularity" : 6.889633,
		"release_date" : "1976-04-07",
		"revenue" : 35323292,
		"runtime" : 102,
		"movie_status" : "Released",
		"vote_average" : 6.9,
		"vote_count" : 97
	},
	{
		"movie_key" : 23531,
		"company_id" : 48357,
		"title" : "Whipped",
		"budget" : 3000000,
		"popularity" : 2.144354,
		"release_date" : "2000-09-01",
		"revenue" : 0,
		"runtime" : 82,
		"movie_status" : "Released",
		"vote_average" : 3.1,
		"vote_count" : 11
	},
	{
		"movie_key" : 23618,
		"company_id" : 4319,
		"title" : "The Original Kings of Comedy",
		"budget" : 0,
		"popularity" : 1.918959,
		"release_date" : "2000-08-18",
		"revenue" : 0,
		"runtime" : 115,
		"movie_status" : "Released",
		"vote_average" : 6.3,
		"vote_count" : 15
	},
	{
		"movie_key" : 23742,
		"company_id" : 6194,
		"title" : "Cop Out",
		"budget" : 30000000,
		"popularity" : 25.825771,
		"release_date" : "2010-02-26",
		"revenue" : 55583804,
		"runtime" : 107,
		"movie_status" : "Released",
		"vote_average" : 5.3,
		"vote_count" : 511
	},
	{
		"movie_key" : 23988,
		"company_id" : 4271,
		"title" : "Stan Helsing",
		"budget" : 108,
		"popularity" : 7.410523,
		"release_date" : "2009-10-27",
		"revenue" : 0,
		"runtime" : 90,
		"movie_status" : "Released",
		"vote_average" : 4,
		"vote_count" : 97
	},
	{
		"movie_key" : 24071,
		"company_id" : 9195,
		"title" : "Mumford",
		"budget" : 0,
		"popularity" : 4.310168,
		"release_date" : "1999-09-24",
		"revenue" : 0,
		"runtime" : 112,
		"movie_status" : "Released",
		"vote_average" : 6.3,
		"vote_count" : 26
	},
	{
		"movie_key" : 24100,
		"company_id" : 12,
		"title" : "The Little Vampire",
		"budget" : 22000000,
		"popularity" : 4.365196,
		"release_date" : "2000-10-27",
		"revenue" : 13555988,
		"runtime" : 95,
		"movie_status" : "Released",
		"vote_average" : 6.1,
		"vote_count" : 77
	},
	{
		"movie_key" : 24113,
		"company_id" : 12,
		"title" : "Town & Country",
		"budget" : 90000000,
		"popularity" : 1.004579,
		"release_date" : "2001-04-27",
		"revenue" : 10372291,
		"runtime" : 104,
		"movie_status" : "Released",
		"vote_average" : 3.7,
		"vote_count" : 16
	},
	{
		"movie_key" : 24226,
		"company_id" : 306,
		"title" : "The Verdict",
		"budget" : 16000000,
		"popularity" : 7.980632,
		"release_date" : "1982-12-08",
		"revenue" : 53977250,
		"runtime" : 129,
		"movie_status" : "Released",
		"vote_average" : 7.4,
		"vote_count" : 131
	},
	{
		"movie_key" : 24266,
		"company_id" : 4293,
		"title" : "The Man from Snowy River",
		"budget" : 3500000,
		"popularity" : 3.656491,
		"release_date" : "1982-03-02",
		"revenue" : 20659423,
		"runtime" : 104,
		"movie_status" : "Released",
		"vote_average" : 6.8,
		"vote_count" : 37
	},
	{
		"movie_key" : 24418,
		"company_id" : 33,
		"title" : "Cirque du Freak: The Vampire's Assistant",
		"budget" : 40000000,
		"popularity" : 16.424807,
		"release_date" : "2009-10-23",
		"revenue" : 28169671,
		"runtime" : 109,
		"movie_status" : "Released",
		"vote_average" : 5.5,
		"vote_count" : 348
	},
	{
		"movie_key" : 24575,
		"company_id" : 1584,
		"title" : "Raise the Titanic",
		"budget" : 0,
		"popularity" : 1.630541,
		"release_date" : "1980-01-01",
		"revenue" : 0,
		"runtime" : 115,
		"movie_status" : "Released",
		"vote_average" : 5.2,
		"vote_count" : 21
	},
	{
		"movie_key" : 24621,
		"company_id" : 711,
		"title" : "Chasing Papi",
		"budget" : 0,
		"popularity" : 1.118511,
		"release_date" : "2003-04-16",
		"revenue" : 6126237,
		"runtime" : 80,
		"movie_status" : "Released",
		"vote_average" : 6.3,
		"vote_count" : 16
	},
	{
		"movie_key" : 24684,
		"company_id" : 288,
		"title" : "An Education",
		"budget" : 7500000,
		"popularity" : 16.990308,
		"release_date" : "2009-10-29",
		"revenue" : 26096852,
		"runtime" : 100,
		"movie_status" : "Released",
		"vote_average" : 6.8,
		"vote_count" : 409
	},
	{
		"movie_key" : 24746,
		"company_id" : 4714,
		"title" : "Six-String Samurai",
		"budget" : 2000000,
		"popularity" : 1.892183,
		"release_date" : "1998-09-18",
		"revenue" : 124494,
		"runtime" : 91,
		"movie_status" : "Released",
		"vote_average" : 5.8,
		"vote_count" : 36
	},
	{
		"movie_key" : 24748,
		"company_id" : 4,
		"title" : "Hud",
		"budget" : 2500000,
		"popularity" : 6.82919,
		"release_date" : "1963-05-29",
		"revenue" : 10000000,
		"runtime" : 112,
		"movie_status" : "Released",
		"vote_average" : 7.5,
		"vote_count" : 66
	},
	{
		"movie_key" : 24869,
		"company_id" : 21733,
		"title" : "Ink",
		"budget" : 250000,
		"popularity" : 5.217002,
		"release_date" : "2009-01-23",
		"revenue" : 0,
		"runtime" : 106,
		"movie_status" : "Released",
		"vote_average" : 6.4,
		"vote_count" : 101
	},
	{
		"movie_key" : 24940,
		"company_id" : 13,
		"title" : "Head Over Heels",
		"budget" : 14000000,
		"popularity" : 4.66723,
		"release_date" : "2001-02-02",
		"revenue" : 10424470,
		"runtime" : 86,
		"movie_status" : "Released",
		"vote_average" : 5.3,
		"vote_count" : 73
	},
	{
		"movie_key" : 24973,
		"company_id" : 306,
		"title" : "The Egyptian",
		"budget" : 5000000,
		"popularity" : 4.079111,
		"release_date" : "1954-08-25",
		"revenue" : 15000000,
		"runtime" : 139,
		"movie_status" : "Released",
		"vote_average" : 6,
		"vote_count" : 11
	},
	{
		"movie_key" : 24977,
		"company_id" : 3447,
		"title" : "Michael Jordan to the Max",
		"budget" : 0,
		"popularity" : 1.830306,
		"release_date" : "2000-05-05",
		"revenue" : 21268532,
		"runtime" : 46,
		"movie_status" : "Released",
		"vote_average" : 7.5,
		"vote_count" : 10
	},
	{
		"movie_key" : 24985,
		"company_id" : 15278,
		"title" : "The Heart of Me",
		"budget" : 7000000,
		"popularity" : 1.498245,
		"release_date" : "2002-01-01",
		"revenue" : 0,
		"runtime" : 96,
		"movie_status" : "Released",
		"vote_average" : 7.7,
		"vote_count" : 5
	},
	{
		"movie_key" : 25113,
		"company_id" : 33,
		"title" : "The Four Seasons",
		"budget" : 0,
		"popularity" : 8.067702,
		"release_date" : "1981-05-22",
		"revenue" : 0,
		"runtime" : 107,
		"movie_status" : "Released",
		"vote_average" : 6.3,
		"vote_count" : 16
	},
	{
		"movie_key" : 25132,
		"company_id" : 174,
		"title" : "Shorts",
		"budget" : 40000000,
		"popularity" : 4.100942,
		"release_date" : "2009-08-21",
		"revenue" : 28972508,
		"runtime" : 89,
		"movie_status" : "Released",
		"vote_average" : 5.1,
		"vote_count" : 44
	},
	{
		"movie_key" : 25209,
		"company_id" : 8411,
		"title" : "Annie Get Your Gun",
		"budget" : 3768785,
		"popularity" : 1.726175,
		"release_date" : "1950-05-17",
		"revenue" : 8000000,
		"runtime" : 107,
		"movie_status" : "Released",
		"vote_average" : 7.3,
		"vote_count" : 22
	},
	{
		"movie_key" : 25353,
		"company_id" : 7801,
		"title" : "La véritable histoire du Chat Botté",
		"budget" : 0,
		"popularity" : 1.684948,
		"release_date" : "2009-04-01",
		"revenue" : 0,
		"runtime" : 82,
		"movie_status" : "Released",
		"vote_average" : 3.8,
		"vote_count" : 7
	},
	{
		"movie_key" : 25462,
		"company_id" : 3287,
		"title" : "Two Can Play That Game",
		"budget" : 6000000,
		"popularity" : 2.27213,
		"release_date" : "2001-09-07",
		"revenue" : 0,
		"runtime" : 90,
		"movie_status" : "Released",
		"vote_average" : 6.6,
		"vote_count" : 17
	},
	{
		"movie_key" : 25636,
		"company_id" : 4620,
		"title" : "Jesus' Son",
		"budget" : 0,
		"popularity" : 5.581743,
		"release_date" : "1999-09-05",
		"revenue" : 0,
		"runtime" : 107,
		"movie_status" : "Released",
		"vote_average" : 6.7,
		"vote_count" : 22
	},
	{
		"movie_key" : 25763,
		"company_id" : 306,
		"title" : "Damnation Alley",
		"budget" : 17000000,
		"popularity" : 2.215261,
		"release_date" : "1977-09-10",
		"revenue" : 8720000,
		"runtime" : 91,
		"movie_status" : "Released",
		"vote_average" : 5,
		"vote_count" : 27
	},
	{
		"movie_key" : 25793,
		"company_id" : 4424,
		"title" : "Precious",
		"budget" : 10000000,
		"popularity" : 18.664624,
		"release_date" : "2009-11-06",
		"revenue" : 47536959,
		"runtime" : 110,
		"movie_status" : "Released",
		"vote_average" : 6.9,
		"vote_count" : 417
	},
	{
		"movie_key" : 26268,
		"company_id" : 6194,
		"title" : "Harper",
		"budget" : 3500000,
		"popularity" : 2.938973,
		"release_date" : "1966-02-23",
		"revenue" : 12000000,
		"runtime" : 121,
		"movie_status" : "Released",
		"vote_average" : 6.2,
		"vote_count" : 35
	},
	{
		"movie_key" : 26306,
		"company_id" : 915,
		"title" : "Prefontaine",
		"budget" : 8000000,
		"popularity" : 8.717235,
		"release_date" : "1997-01-24",
		"revenue" : 589304,
		"runtime" : 106,
		"movie_status" : "Released",
		"vote_average" : 6.7,
		"vote_count" : 21
	},
	{
		"movie_key" : 26320,
		"company_id" : 10146,
		"title" : "Taking Woodstock",
		"budget" : 0,
		"popularity" : 11.870161,
		"release_date" : "2009-09-03",
		"revenue" : 0,
		"runtime" : 120,
		"movie_status" : "Released",
		"vote_average" : 6.2,
		"vote_count" : 127
	},
	{
		"movie_key" : 26367,
		"company_id" : 35,
		"title" : "I Can Do Bad All By Myself",
		"budget" : 0,
		"popularity" : 2.242809,
		"release_date" : "2009-09-11",
		"revenue" : 0,
		"runtime" : 113,
		"movie_status" : "Released",
		"vote_average" : 6,
		"vote_count" : 40
	},
	{
		"movie_key" : 26379,
		"company_id" : 4502,
		"title" : "Paa",
		"budget" : 3250000,
		"popularity" : 2.126139,
		"release_date" : "2009-12-04",
		"revenue" : 0,
		"runtime" : 133,
		"movie_status" : "Released",
		"vote_average" : 6.6,
		"vote_count" : 19
	},
	{
		"movie_key" : 26665,
		"company_id" : 4552,
		"title" : "Aberdeen",
		"budget" : 0,
		"popularity" : 1.068819,
		"release_date" : "2000-07-05",
		"revenue" : 0,
		"runtime" : 113,
		"movie_status" : "Released",
		"vote_average" : 7,
		"vote_count" : 6
	},
	{
		"movie_key" : 26673,
		"company_id" : 85759,
		"title" : "Frat Party",
		"budget" : 0,
		"popularity" : 0.783842,
		"release_date" : "2009-01-01",
		"revenue" : 0,
		"runtime" : 84,
		"movie_status" : "Released",
		"vote_average" : 3.5,
		"vote_count" : 4
	},
	{
		"movie_key" : 26791,
		"company_id" : 6337,
		"title" : "Brigham City",
		"budget" : 1000000,
		"popularity" : 0.280083,
		"release_date" : "2001-03-30",
		"revenue" : 852206,
		"runtime" : 119,
		"movie_status" : "Released",
		"vote_average" : 7.3,
		"vote_count" : 4
	},
	{
		"movie_key" : 26815,
		"company_id" : 1569,
		"title" : "Rocket Singh: Salesman of the Year",
		"budget" : 1250000,
		"popularity" : 3.000435,
		"release_date" : "2009-12-11",
		"revenue" : 0,
		"runtime" : 156,
		"movie_status" : "Released",
		"vote_average" : 7,
		"vote_count" : 27
	},
	{
		"movie_key" : 26837,
		"company_id" : 59462,
		"title" : "B-Girl",
		"budget" : 0,
		"popularity" : 0.631571,
		"release_date" : "2009-07-29",
		"revenue" : 0,
		"runtime" : 84,
		"movie_status" : "Released",
		"vote_average" : 5.5,
		"vote_count" : 7
	},
	{
		"movie_key" : 26843,
		"company_id" : 22814,
		"title" : "Lion of the Desert",
		"budget" : 35000000,
		"popularity" : 2.864979,
		"release_date" : "1981-04-17",
		"revenue" : 0,
		"runtime" : 173,
		"movie_status" : "Released",
		"vote_average" : 7.4,
		"vote_count" : 34
	},
	{
		"movie_key" : 27029,
		"company_id" : 6194,
		"title" : "The Nun's Story",
		"budget" : 3500000,
		"popularity" : 3.281509,
		"release_date" : "1959-06-18",
		"revenue" : 12800000,
		"runtime" : 149,
		"movie_status" : "Released",
		"vote_average" : 7.4,
		"vote_count" : 46
	},
	{
		"movie_key" : 27191,
		"company_id" : 4,
		"title" : "The Greatest Show on Earth",
		"budget" : 4000000,
		"popularity" : 8.988455,
		"release_date" : "1952-01-10",
		"revenue" : 36000000,
		"runtime" : 152,
		"movie_status" : "Released",
		"vote_average" : 6.6,
		"vote_count" : 50
	},
	{
		"movie_key" : 27342,
		"company_id" : 41,
		"title" : "Malone",
		"budget" : 0,
		"popularity" : 1.610132,
		"release_date" : "1987-05-01",
		"revenue" : 0,
		"runtime" : 92,
		"movie_status" : "Released",
		"vote_average" : 6.8,
		"vote_count" : 15
	},
	{
		"movie_key" : 27374,
		"company_id" : 5583,
		"title" : "Lake Mungo",
		"budget" : 0,
		"popularity" : 4.653047,
		"release_date" : "2008-06-17",
		"revenue" : 0,
		"runtime" : 84,
		"movie_status" : "Released",
		"vote_average" : 6.1,
		"vote_count" : 90
	},
	{
		"movie_key" : 27551,
		"company_id" : 4110,
		"title" : "The Barbarians",
		"budget" : 0,
		"popularity" : 1.631993,
		"release_date" : "1987-03-01",
		"revenue" : 0,
		"runtime" : 87,
		"movie_status" : "Released",
		"vote_average" : 5.1,
		"vote_count" : 8
	},
	{
		"movie_key" : 27578,
		"company_id" : 10254,
		"title" : "The Expendables",
		"budget" : 80000000,
		"popularity" : 77.580661,
		"release_date" : "2010-08-03",
		"revenue" : 274470394,
		"runtime" : 103,
		"movie_status" : "Released",
		"vote_average" : 6,
		"vote_count" : 2926
	},
	{
		"movie_key" : 27585,
		"company_id" : 7400,
		"title" : "Rabbit Hole",
		"budget" : 5000000,
		"popularity" : 10.095184,
		"release_date" : "2010-12-16",
		"revenue" : 5129058,
		"runtime" : 91,
		"movie_status" : "Released",
		"vote_average" : 6.9,
		"vote_count" : 165
	},
	{
		"movie_key" : 27686,
		"company_id" : 306,
		"title" : "State Fair",
		"budget" : 0,
		"popularity" : 1.847822,
		"release_date" : "1945-08-29",
		"revenue" : 0,
		"runtime" : 96,
		"movie_status" : "Released",
		"vote_average" : 6.2,
		"vote_count" : 19
	},
	{
		"movie_key" : 27995,
		"company_id" : 4319,
		"title" : "She's Gotta Have It",
		"budget" : 0,
		"popularity" : 6.722213,
		"release_date" : "1986-08-08",
		"revenue" : 0,
		"runtime" : 84,
		"movie_status" : "Released",
		"vote_average" : 6.1,
		"vote_count" : 25
	},
	{
		"movie_key" : 28089,
		"company_id" : 4748,
		"title" : "The Messenger",
		"budget" : 6500000,
		"popularity" : 8.432401,
		"release_date" : "2009-11-13",
		"revenue" : 1521261,
		"runtime" : 113,
		"movie_status" : "Released",
		"vote_average" : 7.1,
		"vote_count" : 119
	},
	{
		"movie_key" : 28165,
		"company_id" : 3052,
		"title" : "The Toxic Avenger Part II",
		"budget" : 0,
		"popularity" : 1.791331,
		"release_date" : "1989-02-24",
		"revenue" : 0,
		"runtime" : 96,
		"movie_status" : "Released",
		"vote_average" : 5.3,
		"vote_count" : 39
	},
	{
		"movie_key" : 28260,
		"company_id" : 4777,
		"title" : "Return of the Living Dead 3",
		"budget" : 2000000,
		"popularity" : 7.502934,
		"release_date" : "1993-10-01",
		"revenue" : 54207,
		"runtime" : 97,
		"movie_status" : "Released",
		"vote_average" : 5.9,
		"vote_count" : 88
	},
	{
		"movie_key" : 28580,
		"company_id" : 6033,
		"title" : "The Lost Weekend",
		"budget" : 1250000,
		"popularity" : 6.903314,
		"release_date" : "1945-11-25",
		"revenue" : 11000000,
		"runtime" : 101,
		"movie_status" : "Released",
		"vote_average" : 7.4,
		"vote_count" : 112
	},
	{
		"movie_key" : 29064,
		"company_id" : 4897,
		"title" : "The Omega Code",
		"budget" : 0,
		"popularity" : 1.288173,
		"release_date" : "1999-10-15",
		"revenue" : 2400000,
		"runtime" : 100,
		"movie_status" : "Released",
		"vote_average" : 4.4,
		"vote_count" : 17
	},
	{
		"movie_key" : 29595,
		"company_id" : 4971,
		"title" : "Wal-Mart: The High Cost of Low Price",
		"budget" : 0,
		"popularity" : 1.404175,
		"release_date" : "2005-11-04",
		"revenue" : 0,
		"runtime" : 98,
		"movie_status" : "Released",
		"vote_average" : 6.9,
		"vote_count" : 24
	},
	{
		"movie_key" : 29697,
		"company_id" : 77793,
		"title" : "Faith Like Potatoes",
		"budget" : 0,
		"popularity" : 0.147886,
		"release_date" : "2006-10-27",
		"revenue" : 0,
		"runtime" : 97,
		"movie_status" : "Released",
		"vote_average" : 6,
		"vote_count" : 9
	},
	{
		"movie_key" : 29912,
		"company_id" : 306,
		"title" : "The Robe",
		"budget" : 4100000,
		"popularity" : 4.028875,
		"release_date" : "1953-09-16",
		"revenue" : 36000000,
		"runtime" : 135,
		"movie_status" : "Released",
		"vote_average" : 6.4,
		"vote_count" : 42
	},
	{
		"movie_key" : 29996,
		"company_id" : 13479,
		"title" : "Solomon and Sheba",
		"budget" : 5000000,
		"popularity" : 0.835617,
		"release_date" : "1959-12-25",
		"revenue" : 12200000,
		"runtime" : 139,
		"movie_status" : "Released",
		"vote_average" : 5.4,
		"vote_count" : 8
	},
	{
		"movie_key" : 30315,
		"company_id" : 56482,
		"title" : "Kingdom of the Spiders",
		"budget" : 500000,
		"popularity" : 2.537032,
		"release_date" : "1977-08-24",
		"revenue" : 17000000,
		"runtime" : 97,
		"movie_status" : "Released",
		"vote_average" : 5.7,
		"vote_count" : 30
	},
	{
		"movie_key" : 30596,
		"company_id" : 2270,
		"title" : "十月圍城",
		"budget" : 23000000,
		"popularity" : 7.876883,
		"release_date" : "2009-12-18",
		"revenue" : 5837674,
		"runtime" : 139,
		"movie_status" : "Released",
		"vote_average" : 6.5,
		"vote_count" : 57
	},
	{
		"movie_key" : 30890,
		"company_id" : 41,
		"title" : "Radio Days",
		"budget" : 16000000,
		"popularity" : 7.612849,
		"release_date" : "1987-01-30",
		"revenue" : 0,
		"runtime" : 90,
		"movie_status" : "Released",
		"vote_average" : 7,
		"vote_count" : 127
	},
	{
		"movie_key" : 31246,
		"company_id" : 20877,
		"title" : "From Justin to Kelly",
		"budget" : 12000000,
		"popularity" : 1.623338,
		"release_date" : "2003-06-20",
		"revenue" : 4922166,
		"runtime" : 90,
		"movie_status" : "Released",
		"vote_average" : 3,
		"vote_count" : 23
	},
	{
		"movie_key" : 31535,
		"company_id" : 54684,
		"title" : "Chairman of the Board",
		"budget" : 0,
		"popularity" : 0.587276,
		"release_date" : "1998-03-13",
		"revenue" : 0,
		"runtime" : 95,
		"movie_status" : "Released",
		"vote_average" : 2.7,
		"vote_count" : 13
	},
	{
		"movie_key" : 31582,
		"company_id" : 8411,
		"title" : "Flawless",
		"budget" : 0,
		"popularity" : 5.271559,
		"release_date" : "1999-11-26",
		"revenue" : 4488529,
		"runtime" : 112,
		"movie_status" : "Released",
		"vote_average" : 5.9,
		"vote_count" : 56
	},
	{
		"movie_key" : 31909,
		"company_id" : 16337,
		"title" : "Invaders from Mars",
		"budget" : 12000000,
		"popularity" : 4.234269,
		"release_date" : "1986-01-01",
		"revenue" : 4884663,
		"runtime" : 100,
		"movie_status" : "Released",
		"vote_average" : 5.5,
		"vote_count" : 57
	},
	{
		"movie_key" : 31915,
		"company_id" : 4,
		"title" : "Prophecy",
		"budget" : 12000000,
		"popularity" : 8.61659,
		"release_date" : "1979-01-01",
		"revenue" : 54000000,
		"runtime" : 102,
		"movie_status" : "Released",
		"vote_average" : 5.4,
		"vote_count" : 25
	},
	{
		"movie_key" : 32274,
		"company_id" : 9195,
		"title" : "Cradle Will Rock",
		"budget" : 0,
		"popularity" : 4.901553,
		"release_date" : "1999-12-10",
		"revenue" : 0,
		"runtime" : 132,
		"movie_status" : "Released",
		"vote_average" : 7.2,
		"vote_count" : 18
	},
	{
		"movie_key" : 32316,
		"company_id" : 4,
		"title" : "Marci X",
		"budget" : 20000000,
		"popularity" : 5.65327,
		"release_date" : "2003-08-22",
		"revenue" : 1675706,
		"runtime" : 84,
		"movie_status" : "Released",
		"vote_average" : 3.3,
		"vote_count" : 12
	},
	{
		"movie_key" : 32456,
		"company_id" : 43,
		"title" : "Two Girls and a Guy",
		"budget" : 1000000,
		"popularity" : 4.86805,
		"release_date" : "1997-09-07",
		"revenue" : 2057193,
		"runtime" : 84,
		"movie_status" : "Released",
		"vote_average" : 5.4,
		"vote_count" : 24
	},
	{
		"movie_key" : 33155,
		"company_id" : 1010,
		"title" : "Galaxina",
		"budget" : 5500000,
		"popularity" : 2.141143,
		"release_date" : "1980-06-06",
		"revenue" : 4865000,
		"runtime" : 95,
		"movie_status" : "Released",
		"vote_average" : 3.3,
		"vote_count" : 16
	},
	{
		"movie_key" : 33468,
		"company_id" : 12335,
		"title" : "The Brain That Wouldn't Die",
		"budget" : 62000,
		"popularity" : 2.407048,
		"release_date" : "1962-02-25",
		"revenue" : 0,
		"runtime" : 82,
		"movie_status" : "Released",
		"vote_average" : 4.4,
		"vote_count" : 32
	},
	{
		"movie_key" : 33644,
		"company_id" : 306,
		"title" : "How Stella Got Her Groove Back",
		"budget" : 20000000,
		"popularity" : 2.003047,
		"release_date" : "1998-08-14",
		"revenue" : 37672350,
		"runtime" : 124,
		"movie_status" : "Released",
		"vote_average" : 6,
		"vote_count" : 24
	},
	{
		"movie_key" : 33667,
		"company_id" : 306,
		"title" : "Gentleman's Agreement",
		"budget" : 2000000,
		"popularity" : 5.381536,
		"release_date" : "1947-11-11",
		"revenue" : 7800000,
		"runtime" : 118,
		"movie_status" : "Released",
		"vote_average" : 6.8,
		"vote_count" : 47
	},
	{
		"movie_key" : 33870,
		"company_id" : 2814,
		"title" : "Mao's Last Dancer",
		"budget" : 25000000,
		"popularity" : 1.876811,
		"release_date" : "2009-10-01",
		"revenue" : 20719451,
		"runtime" : 117,
		"movie_status" : "Released",
		"vote_average" : 6.8,
		"vote_count" : 28
	},
	{
		"movie_key" : 34106,
		"company_id" : 5,
		"title" : "You Can't Take It With You",
		"budget" : 1644736,
		"popularity" : 3.426314,
		"release_date" : "1938-08-23",
		"revenue" : 7433101,
		"runtime" : 126,
		"movie_status" : "Released",
		"vote_average" : 7.2,
		"vote_count" : 79
	},
	{
		"movie_key" : 34335,
		"company_id" : 5452,
		"title" : "Nine Dead",
		"budget" : 2000000,
		"popularity" : 9.68793,
		"release_date" : "2010-01-01",
		"revenue" : 0,
		"runtime" : 98,
		"movie_status" : "Released",
		"vote_average" : 5.2,
		"vote_count" : 84
	},
	{
		"movie_key" : 34417,
		"company_id" : 5460,
		"title" : "Good Intentions",
		"budget" : 0,
		"popularity" : 0.304566,
		"release_date" : "2010-03-09",
		"revenue" : 0,
		"runtime" : 85,
		"movie_status" : "Released",
		"vote_average" : 5,
		"vote_count" : 6
	},
	{
		"movie_key" : 34592,
		"company_id" : 8146,
		"title" : "ZMD: Zombies of Mass Destruction",
		"budget" : 0,
		"popularity" : 1.563711,
		"release_date" : "2009-01-01",
		"revenue" : 0,
		"runtime" : 92,
		"movie_status" : "Released",
		"vote_average" : 4.7,
		"vote_count" : 31
	},
	{
		"movie_key" : 34697,
		"company_id" : 17668,
		"title" : "Butterfly",
		"budget" : 0,
		"popularity" : 1.063615,
		"release_date" : "1982-02-05",
		"revenue" : 0,
		"runtime" : 107,
		"movie_status" : "Released",
		"vote_average" : 5,
		"vote_count" : 12
	},
	{
		"movie_key" : 34723,
		"company_id" : 2,
		"title" : "The Adventures of Huck Finn",
		"budget" : 6500000,
		"popularity" : 2.163683,
		"release_date" : "1993-04-02",
		"revenue" : 0,
		"runtime" : 108,
		"movie_status" : "Released",
		"vote_average" : 6.2,
		"vote_count" : 42
	},
	{
		"movie_key" : 35032,
		"company_id" : 8411,
		"title" : "The Pirate",
		"budget" : 3700000,
		"popularity" : 0.90522,
		"release_date" : "1948-06-11",
		"revenue" : 2956000,
		"runtime" : 102,
		"movie_status" : "Released",
		"vote_average" : 6.6,
		"vote_count" : 17
	},
	{
		"movie_key" : 35073,
		"company_id" : 19558,
		"title" : "The Beast from 20,000 Fathoms",
		"budget" : 210000,
		"popularity" : 2.043661,
		"release_date" : "1953-06-13",
		"revenue" : 5000000,
		"runtime" : 80,
		"movie_status" : "Released",
		"vote_average" : 6.7,
		"vote_count" : 41
	},
	{
		"movie_key" : 35689,
		"company_id" : 4135,
		"title" : "Don McKay",
		"budget" : 0,
		"popularity" : 1.496454,
		"release_date" : "2009-04-24",
		"revenue" : 0,
		"runtime" : 87,
		"movie_status" : "Released",
		"vote_average" : 5.4,
		"vote_count" : 21
	},
	{
		"movie_key" : 35690,
		"company_id" : 9195,
		"title" : "The Last Song",
		"budget" : 0,
		"popularity" : 23.139971,
		"release_date" : "2010-03-31",
		"revenue" : 0,
		"runtime" : 107,
		"movie_status" : "Released",
		"vote_average" : 6.9,
		"vote_count" : 923
	},
	{
		"movie_key" : 35691,
		"company_id" : 5568,
		"title" : "Letters to God",
		"budget" : 0,
		"popularity" : 3.644872,
		"release_date" : "2010-04-09",
		"revenue" : 0,
		"runtime" : 110,
		"movie_status" : "Released",
		"vote_average" : 6.5,
		"vote_count" : 37
	},
	{
		"movie_key" : 36047,
		"company_id" : 10210,
		"title" : "The In Crowd",
		"budget" : 15000000,
		"popularity" : 0.249245,
		"release_date" : "2000-07-19",
		"revenue" : 5217498,
		"runtime" : 105,
		"movie_status" : "Released",
		"vote_average" : 4.7,
		"vote_count" : 15
	},
	{
		"movie_key" : 36095,
		"company_id" : 881,
		"title" : "キュア",
		"budget" : 20000,
		"popularity" : 0.212443,
		"release_date" : "1997-11-06",
		"revenue" : 99000,
		"runtime" : 111,
		"movie_status" : "Released",
		"vote_average" : 7.4,
		"vote_count" : 63
	},
	{
		"movie_key" : 36334,
		"company_id" : 306,
		"title" : "Deadline - U.S.A.",
		"budget" : 0,
		"popularity" : 0.225627,
		"release_date" : "1952-03-14",
		"revenue" : 0,
		"runtime" : 87,
		"movie_status" : "Released",
		"vote_average" : 6.9,
		"vote_count" : 17
	},
	{
		"movie_key" : 36584,
		"company_id" : 1030,
		"title" : "Interview with the Assassin",
		"budget" : 500000,
		"popularity" : 0.471264,
		"release_date" : "2002-05-09",
		"revenue" : 0,
		"runtime" : 88,
		"movie_status" : "Released",
		"vote_average" : 5.6,
		"vote_count" : 5
	},
	{
		"movie_key" : 36593,
		"company_id" : 4,
		"title" : "The Naked Gun 33⅓: The Final Insult",
		"budget" : 30000000,
		"popularity" : 28.624038,
		"release_date" : "1994-03-18",
		"revenue" : 51132598,
		"runtime" : 83,
		"movie_status" : "Released",
		"vote_average" : 6.3,
		"vote_count" : 521
	},
	{
		"movie_key" : 36669,
		"company_id" : 7576,
		"title" : "Die Another Day",
		"budget" : 140000000,
		"popularity" : 54.159392,
		"release_date" : "2002-11-17",
		"revenue" : 431971116,
		"runtime" : 133,
		"movie_status" : "Released",
		"vote_average" : 5.8,
		"vote_count" : 1092
	},
	{
		"movie_key" : 36696,
		"company_id" : 3145,
		"title" : "Белка и Стрелка. Звёздные собаки",
		"budget" : 25000000,
		"popularity" : 5.753564,
		"release_date" : "2010-03-18",
		"revenue" : 6500000,
		"runtime" : 85,
		"movie_status" : "Released",
		"vote_average" : 6.3,
		"vote_count" : 10
	},
	{
		"movie_key" : 36819,
		"company_id" : 146,
		"title" : "Time Bandits",
		"budget" : 5000000,
		"popularity" : 14.779537,
		"release_date" : "1981-07-13",
		"revenue" : 42365581,
		"runtime" : 116,
		"movie_status" : "Released",
		"vote_average" : 6.6,
		"vote_count" : 249
	},
	{
		"movie_key" : 36825,
		"company_id" : 4003,
		"title" : "The R.M.",
		"budget" : 0,
		"popularity" : 0.082978,
		"release_date" : "2003-01-31",
		"revenue" : 0,
		"runtime" : 101,
		"movie_status" : "Released",
		"vote_average" : 4.8,
		"vote_count" : 4
	},
	{
		"movie_key" : 37028,
		"company_id" : 5646,
		"title" : "The Magic Flute",
		"budget" : 0,
		"popularity" : 0.548435,
		"release_date" : "2006-09-07",
		"revenue" : 0,
		"runtime" : 133,
		"movie_status" : "Released",
		"vote_average" : 6.9,
		"vote_count" : 6
	},
	{
		"movie_key" : 37137,
		"company_id" : 4,
		"title" : "The Naked Gun 2½: The Smell of Fear",
		"budget" : 23000000,
		"popularity" : 27.33256,
		"release_date" : "1991-06-28",
		"revenue" : 86930411,
		"runtime" : 85,
		"movie_status" : "Released",
		"vote_average" : 6.6,
		"vote_count" : 546
	},
	{
		"movie_key" : 37232,
		"company_id" : 72591,
		"title" : "Travellers and Magicians",
		"budget" : 0,
		"popularity" : 0.749699,
		"release_date" : "2003-09-09",
		"revenue" : 0,
		"runtime" : 108,
		"movie_status" : "Released",
		"vote_average" : 6.8,
		"vote_count" : 9
	},
	{
		"movie_key" : 37718,
		"company_id" : 236,
		"title" : "The Muse",
		"budget" : 0,
		"popularity" : 2.857936,
		"release_date" : "1999-08-27",
		"revenue" : 0,
		"runtime" : 97,
		"movie_status" : "Released",
		"vote_average" : 5.3,
		"vote_count" : 31
	},
	{
		"movie_key" : 37724,
		"company_id" : 5,
		"title" : "Skyfall",
		"budget" : 200000000,
		"popularity" : 93.004993,
		"release_date" : "2012-10-25",
		"revenue" : 1108561013,
		"runtime" : 143,
		"movie_status" : "Released",
		"vote_average" : 6.9,
		"vote_count" : 7604
	},
	{
		"movie_key" : 37737,
		"company_id" : 51955,
		"title" : "Kites",
		"budget" : 0,
		"popularity" : 4.807549,
		"release_date" : "2010-05-21",
		"revenue" : 0,
		"runtime" : 131,
		"movie_status" : "Released",
		"vote_average" : 6,
		"vote_count" : 40
	},
	{
		"movie_key" : 37931,
		"company_id" : 7295,
		"title" : "MacGruber",
		"budget" : 10000000,
		"popularity" : 14.038512,
		"release_date" : "2010-05-21",
		"revenue" : 6110000,
		"runtime" : 90,
		"movie_status" : "Released",
		"vote_average" : 5.1,
		"vote_count" : 179
	},
	{
		"movie_key" : 38031,
		"company_id" : 6538,
		"title" : "You Will Meet a Tall Dark Stranger",
		"budget" : 22000000,
		"popularity" : 12.4654,
		"release_date" : "2010-05-23",
		"revenue" : 0,
		"runtime" : 98,
		"movie_status" : "Released",
		"vote_average" : 5.8,
		"vote_count" : 251
	},
	{
		"movie_key" : 38055,
		"company_id" : 521,
		"title" : "Megamind",
		"budget" : 130000000,
		"popularity" : 68.757242,
		"release_date" : "2010-10-28",
		"revenue" : 321887208,
		"runtime" : 95,
		"movie_status" : "Released",
		"vote_average" : 6.7,
		"vote_count" : 1918
	},
	{
		"movie_key" : 38570,
		"company_id" : 2262,
		"title" : "The 41–Year–Old Virgin Who Knocked Up Sarah Marshall and Felt Superbad About It",
		"budget" : 0,
		"popularity" : 5.628399,
		"release_date" : "2010-06-08",
		"revenue" : 0,
		"runtime" : 82,
		"movie_status" : "Released",
		"vote_average" : 3.2,
		"vote_count" : 34
	},
	{
		"movie_key" : 38579,
		"company_id" : 306,
		"title" : "Marmaduke",
		"budget" : 50000000,
		"popularity" : 12.25622,
		"release_date" : "2010-06-04",
		"revenue" : 83761844,
		"runtime" : 87,
		"movie_status" : "Released",
		"vote_average" : 5,
		"vote_count" : 149
	},
	{
		"movie_key" : 38665,
		"company_id" : 1584,
		"title" : "The Legend of the Lone Ranger",
		"budget" : 18000000,
		"popularity" : 11.725805,
		"release_date" : "1981-08-20",
		"revenue" : 2945600,
		"runtime" : 98,
		"movie_status" : "Released",
		"vote_average" : 3.7,
		"vote_count" : 14
	},
	{
		"movie_key" : 39053,
		"company_id" : 1645,
		"title" : "Cyrus",
		"budget" : 7000000,
		"popularity" : 15.212569,
		"release_date" : "2010-06-18",
		"revenue" : 0,
		"runtime" : 91,
		"movie_status" : "Released",
		"vote_average" : 6.1,
		"vote_count" : 133
	},
	{
		"movie_key" : 39055,
		"company_id" : 5221,
		"title" : "Free Style",
		"budget" : 0,
		"popularity" : 0.122874,
		"release_date" : "2008-12-24",
		"revenue" : 140987,
		"runtime" : 94,
		"movie_status" : "Released",
		"vote_average" : 5.8,
		"vote_count" : 4
	},
	{
		"movie_key" : 39269,
		"company_id" : 71953,
		"title" : "Out of the Blue",
		"budget" : 0,
		"popularity" : 0.679351,
		"release_date" : "1980-05-01",
		"revenue" : 0,
		"runtime" : 94,
		"movie_status" : "Released",
		"vote_average" : 6.5,
		"vote_count" : 17
	},
	{
		"movie_key" : 39691,
		"company_id" : 79,
		"title" : "Cats & Dogs 2 : The Revenge of Kitty Galore",
		"budget" : 85000000,
		"popularity" : 11.77398,
		"release_date" : "2010-07-30",
		"revenue" : 112483764,
		"runtime" : 82,
		"movie_status" : "Released",
		"vote_average" : 4.9,
		"vote_count" : 119
	},
	{
		"movie_key" : 39800,
		"company_id" : 53303,
		"title" : "Life During Wartime",
		"budget" : 4500000,
		"popularity" : 3.108881,
		"release_date" : "2009-10-10",
		"revenue" : 744816,
		"runtime" : 97,
		"movie_status" : "Released",
		"vote_average" : 6.3,
		"vote_count" : 30
	},
	{
		"movie_key" : 39833,
		"company_id" : 306,
		"title" : "Love Me Tender",
		"budget" : 1000000,
		"popularity" : 1.444258,
		"release_date" : "1956-11-15",
		"revenue" : 9000000,
		"runtime" : 89,
		"movie_status" : "Released",
		"vote_average" : 5.5,
		"vote_count" : 21
	},
	{
		"movie_key" : 39895,
		"company_id" : 6087,
		"title" : "From a Whisper to a Scream",
		"budget" : 1100000,
		"popularity" : 1.220072,
		"release_date" : "1987-09-25",
		"revenue" : 1400000,
		"runtime" : 99,
		"movie_status" : "Released",
		"vote_average" : 6.8,
		"vote_count" : 15
	},
	{
		"movie_key" : 40001,
		"company_id" : 559,
		"title" : "Mrs. Winterbourne",
		"budget" : 25000000,
		"popularity" : 7.946769,
		"release_date" : "1996-04-19",
		"revenue" : 10070000,
		"runtime" : 105,
		"movie_status" : "Released",
		"vote_average" : 5.3,
		"vote_count" : 25
	},
	{
		"movie_key" : 40494,
		"company_id" : 5799,
		"title" : "Trapeze",
		"budget" : 4000000,
		"popularity" : 1.379354,
		"release_date" : "1956-05-30",
		"revenue" : 14400000,
		"runtime" : 105,
		"movie_status" : "Released",
		"vote_average" : 6.4,
		"vote_count" : 22
	},
	{
		"movie_key" : 40688,
		"company_id" : 2,
		"title" : "Meet the Deedles",
		"budget" : 24000000,
		"popularity" : 2.353441,
		"release_date" : "1998-03-27",
		"revenue" : 4562146,
		"runtime" : 93,
		"movie_status" : "Released",
		"vote_average" : 4.1,
		"vote_count" : 19
	},
	{
		"movie_key" : 40794,
		"company_id" : 2441,
		"title" : "Mine vaganti",
		"budget" : 7000000,
		"popularity" : 7.720692,
		"release_date" : "2010-02-12",
		"revenue" : 8220215,
		"runtime" : 110,
		"movie_status" : "Released",
		"vote_average" : 7,
		"vote_count" : 118
	},
	{
		"movie_key" : 40880,
		"company_id" : 718,
		"title" : "Pandaemonium",
		"budget" : 0,
		"popularity" : 0.165367,
		"release_date" : "2001-06-29",
		"revenue" : 0,
		"runtime" : 124,
		"movie_status" : "Released",
		"vote_average" : 4.5,
		"vote_count" : 2
	},
	{
		"movie_key" : 40914,
		"company_id" : 77472,
		"title" : "Royal Kill",
		"budget" : 0,
		"popularity" : 1.088501,
		"release_date" : "2009-04-10",
		"revenue" : 0,
		"runtime" : 90,
		"movie_status" : "Released",
		"vote_average" : 2.8,
		"vote_count" : 6
	},
	{
		"movie_key" : 40920,
		"company_id" : 60360,
		"title" : "The Business of Fancydancing",
		"budget" : 200000,
		"popularity" : 0.06104,
		"release_date" : "2002-01-14",
		"revenue" : 0,
		"runtime" : 103,
		"movie_status" : "Released",
		"vote_average" : 8,
		"vote_count" : 2
	},
	{
		"movie_key" : 40932,
		"company_id" : 8263,
		"title" : "Can't Stop the Music",
		"budget" : 0,
		"popularity" : 6.574285,
		"release_date" : "1980-06-20",
		"revenue" : 0,
		"runtime" : 124,
		"movie_status" : "Released",
		"vote_average" : 4.9,
		"vote_count" : 9
	},
	{
		"movie_key" : 40963,
		"company_id" : 24248,
		"title" : "Little Big Top",
		"budget" : 0,
		"popularity" : 0.0921,
		"release_date" : "2006-01-01",
		"revenue" : 0,
		"runtime" : 0,
		"movie_status" : "Rumored",
		"vote_average" : 10,
		"vote_count" : 1
	},
	{
		"movie_key" : 41110,
		"company_id" : 2683,
		"title" : "Io sono l'amore",
		"budget" : 0,
		"popularity" : 5.355763,
		"release_date" : "2009-09-05",
		"revenue" : 0,
		"runtime" : 120,
		"movie_status" : "Released",
		"vote_average" : 6.9,
		"vote_count" : 73
	},
	{
		"movie_key" : 41446,
		"company_id" : 7405,
		"title" : "Scream 4",
		"budget" : 40000000,
		"popularity" : 35.21926,
		"release_date" : "2011-04-11",
		"revenue" : 97138686,
		"runtime" : 111,
		"movie_status" : "Released",
		"vote_average" : 6.1,
		"vote_count" : 902
	},
	{
		"movie_key" : 41830,
		"company_id" : 68081,
		"title" : "The Party's Over",
		"budget" : 0,
		"popularity" : 0.118324,
		"release_date" : "1965-04-22",
		"revenue" : 0,
		"runtime" : 94,
		"movie_status" : "Released",
		"vote_average" : 6.1,
		"vote_count" : 6
	},
	{
		"movie_key" : 42222,
		"company_id" : 306,
		"title" : "Julia",
		"budget" : 0,
		"popularity" : 6.077735,
		"release_date" : "1977-10-02",
		"revenue" : 0,
		"runtime" : 117,
		"movie_status" : "Released",
		"vote_average" : 6.3,
		"vote_count" : 30
	},
	{
		"movie_key" : 42297,
		"company_id" : 348,
		"title" : "Burlesque",
		"budget" : 55000000,
		"popularity" : 22.863516,
		"release_date" : "2010-11-23",
		"revenue" : 89519773,
		"runtime" : 119,
		"movie_status" : "Released",
		"vote_average" : 6.9,
		"vote_count" : 573
	},
	{
		"movie_key" : 42497,
		"company_id" : 3923,
		"title" : "Pink Narcissus",
		"budget" : 27000,
		"popularity" : 0.027811,
		"release_date" : "1971-01-01",
		"revenue" : 0,
		"runtime" : 64,
		"movie_status" : "Released",
		"vote_average" : 6,
		"vote_count" : 9
	},
	{
		"movie_key" : 42618,
		"company_id" : 33,
		"title" : "Sweet Charity",
		"budget" : 8000000,
		"popularity" : 0.709143,
		"release_date" : "1969-01-01",
		"revenue" : 20000000,
		"runtime" : 149,
		"movie_status" : "Released",
		"vote_average" : 6.5,
		"vote_count" : 15
	},
	{
		"movie_key" : 42819,
		"company_id" : 1172,
		"title" : "The City of Your Final Destination",
		"budget" : 0,
		"popularity" : 1.353971,
		"release_date" : "2009-03-21",
		"revenue" : 0,
		"runtime" : 114,
		"movie_status" : "Released",
		"vote_average" : 5.7,
		"vote_count" : 9
	},
	{
		"movie_key" : 43266,
		"company_id" : 306,
		"title" : "How Green Was My Valley",
		"budget" : 1250000,
		"popularity" : 7.70019,
		"release_date" : "1941-10-28",
		"revenue" : 6000000,
		"runtime" : 118,
		"movie_status" : "Released",
		"vote_average" : 6.8,
		"vote_count" : 72
	},
	{
		"movie_key" : 43306,
		"company_id" : 8411,
		"title" : "A Guy Named Joe",
		"budget" : 2627000,
		"popularity" : 0.531444,
		"release_date" : "1944-03-01",
		"revenue" : 5363000,
		"runtime" : 120,
		"movie_status" : "Released",
		"vote_average" : 6,
		"vote_count" : 8
	},
	{
		"movie_key" : 43546,
		"company_id" : 8411,
		"title" : "Bathing Beauty",
		"budget" : 2361000,
		"popularity" : 0.628051,
		"release_date" : "1944-07-01",
		"revenue" : 6892000,
		"runtime" : 101,
		"movie_status" : "Released",
		"vote_average" : 7,
		"vote_count" : 4
	},
	{
		"movie_key" : 43595,
		"company_id" : 4,
		"title" : "She Done Him Wrong",
		"budget" : 200000,
		"popularity" : 0.622752,
		"release_date" : "1933-02-09",
		"revenue" : 2200000,
		"runtime" : 66,
		"movie_status" : "Released",
		"vote_average" : 5.1,
		"vote_count" : 27
	},
	{
		"movie_key" : 43610,
		"company_id" : 8411,
		"title" : "The Valley of Decision",
		"budget" : 2160000,
		"popularity" : 0.1813,
		"release_date" : "1945-06-01",
		"revenue" : 9132000,
		"runtime" : 119,
		"movie_status" : "Released",
		"vote_average" : 5.8,
		"vote_count" : 4
	},
	{
		"movie_key" : 43839,
		"company_id" : 306,
		"title" : "Alexander's Ragtime Band",
		"budget" : 2000000,
		"popularity" : 0.483974,
		"release_date" : "1938-05-24",
		"revenue" : 4000000,
		"runtime" : 106,
		"movie_status" : "Released",
		"vote_average" : 4.8,
		"vote_count" : 6
	},
	{
		"movie_key" : 43884,
		"company_id" : 6194,
		"title" : "The Charge of the Light Brigade",
		"budget" : 1200000,
		"popularity" : 2.968235,
		"release_date" : "1936-10-20",
		"revenue" : 2736000,
		"runtime" : 115,
		"movie_status" : "Released",
		"vote_average" : 6.8,
		"vote_count" : 18
	},
	{
		"movie_key" : 43923,
		"company_id" : 10146,
		"title" : "It's Kind of a Funny Story",
		"budget" : 8000000,
		"popularity" : 13.143045,
		"release_date" : "2010-07-06",
		"revenue" : 6491240,
		"runtime" : 101,
		"movie_status" : "Released",
		"vote_average" : 6.9,
		"vote_count" : 672
	},
	{
		"movie_key" : 43933,
		"company_id" : 829,
		"title" : "Monsters",
		"budget" : 500000,
		"popularity" : 26.406001,
		"release_date" : "2010-06-18",
		"revenue" : 4242978,
		"runtime" : 94,
		"movie_status" : "Released",
		"vote_average" : 6.2,
		"vote_count" : 587
	},
	{
		"movie_key" : 43949,
		"company_id" : 86256,
		"title" : "Flipped",
		"budget" : 14000000,
		"popularity" : 24.210698,
		"release_date" : "2010-08-06",
		"revenue" : 1755212,
		"runtime" : 89,
		"movie_status" : "Released",
		"vote_average" : 7.4,
		"vote_count" : 418
	},
	{
		"movie_key" : 44944,
		"company_id" : 35,
		"title" : "For Colored Girls",
		"budget" : 0,
		"popularity" : 1.934524,
		"release_date" : "2010-11-05",
		"revenue" : 37000000,
		"runtime" : 134,
		"movie_status" : "Released",
		"vote_average" : 7,
		"vote_count" : 22
	},
	{
		"movie_key" : 45317,
		"company_id" : 4,
		"title" : "The Fighter",
		"budget" : 25000000,
		"popularity" : 31.019381,
		"release_date" : "2010-12-17",
		"revenue" : 93617009,
		"runtime" : 116,
		"movie_status" : "Released",
		"vote_average" : 7.2,
		"vote_count" : 1486
	},
	{
		"movie_key" : 45767,
		"company_id" : 5302,
		"title" : "Time Changer",
		"budget" : 0,
		"popularity" : 0.339757,
		"release_date" : "2002-10-25",
		"revenue" : 0,
		"runtime" : 95,
		"movie_status" : "Released",
		"vote_average" : 5.2,
		"vote_count" : 9
	},
	{
		"movie_key" : 46415,
		"company_id" : 1569,
		"title" : "Neal 'n' Nikki",
		"budget" : 0,
		"popularity" : 0.285131,
		"release_date" : "2005-12-09",
		"revenue" : 0,
		"runtime" : 122,
		"movie_status" : "Released",
		"vote_average" : 2.3,
		"vote_count" : 4
	},
	{
		"movie_key" : 46503,
		"company_id" : 308,
		"title" : "All Good Things",
		"budget" : 0,
		"popularity" : 20.086645,
		"release_date" : "2010-12-03",
		"revenue" : 0,
		"runtime" : 101,
		"movie_status" : "Released",
		"vote_average" : 5.9,
		"vote_count" : 286
	},
	{
		"movie_key" : 46528,
		"company_id" : 2965,
		"title" : "The Warrior's Way",
		"budget" : 42000000,
		"popularity" : 7.349497,
		"release_date" : "2010-12-02",
		"revenue" : 11087569,
		"runtime" : 100,
		"movie_status" : "Released",
		"vote_average" : 6.3,
		"vote_count" : 136
	},
	{
		"movie_key" : 46729,
		"company_id" : 10853,
		"title" : "Fetching Cody",
		"budget" : 1,
		"popularity" : 0.077876,
		"release_date" : "2005-10-01",
		"revenue" : 0,
		"runtime" : 87,
		"movie_status" : "Released",
		"vote_average" : 6.8,
		"vote_count" : 6
	},
	{
		"movie_key" : 46829,
		"company_id" : 805,
		"title" : "Barney's Version",
		"budget" : 30000000,
		"popularity" : 4.952735,
		"release_date" : "2010-10-26",
		"revenue" : 8454301,
		"runtime" : 134,
		"movie_status" : "Released",
		"vote_average" : 7.2,
		"vote_count" : 129
	},
	{
		"movie_key" : 46838,
		"company_id" : 2273,
		"title" : "Tucker and Dale vs Evil",
		"budget" : 5000000,
		"popularity" : 19.940245,
		"release_date" : "2010-01-22",
		"revenue" : 5476793,
		"runtime" : 89,
		"movie_status" : "Released",
		"vote_average" : 7.3,
		"vote_count" : 847
	},
	{
		"movie_key" : 47607,
		"company_id" : 65873,
		"title" : "Tiny Furniture",
		"budget" : 65000,
		"popularity" : 2.380332,
		"release_date" : "2010-11-12",
		"revenue" : 416498,
		"runtime" : 99,
		"movie_status" : "Released",
		"vote_average" : 5.6,
		"vote_count" : 59
	},
	{
		"movie_key" : 48035,
		"company_id" : 9079,
		"title" : "Ordet",
		"budget" : 0,
		"popularity" : 3.225189,
		"release_date" : "1955-01-09",
		"revenue" : 0,
		"runtime" : 126,
		"movie_status" : "Released",
		"vote_average" : 7.8,
		"vote_count" : 65
	},
	{
		"movie_key" : 48309,
		"company_id" : 1212,
		"title" : "Prison",
		"budget" : 1300000,
		"popularity" : 7.605291,
		"release_date" : "1988-03-04",
		"revenue" : 354704,
		"runtime" : 102,
		"movie_status" : "Released",
		"vote_average" : 6.7,
		"vote_count" : 27
	},
	{
		"movie_key" : 49365,
		"company_id" : 54531,
		"title" : "Lady in White",
		"budget" : 0,
		"popularity" : 1.435742,
		"release_date" : "1988-04-22",
		"revenue" : 0,
		"runtime" : 112,
		"movie_status" : "Released",
		"vote_average" : 6.3,
		"vote_count" : 25
	},
	{
		"movie_key" : 49444,
		"company_id" : 521,
		"title" : "Kung Fu Panda 2",
		"budget" : 150000000,
		"popularity" : 51.247321,
		"release_date" : "2011-05-25",
		"revenue" : 665692281,
		"runtime" : 91,
		"movie_status" : "Released",
		"vote_average" : 6.7,
		"vote_count" : 1880
	},
	{
		"movie_key" : 49519,
		"company_id" : 521,
		"title" : "The Croods",
		"budget" : 135000000,
		"popularity" : 64.183321,
		"release_date" : "2013-03-20",
		"revenue" : 585178928,
		"runtime" : 98,
		"movie_status" : "Released",
		"vote_average" : 6.8,
		"vote_count" : 2399
	},
	{
		"movie_key" : 49526,
		"company_id" : 1271,
		"title" : "Premium Rush",
		"budget" : 35000000,
		"popularity" : 17.709888,
		"release_date" : "2012-08-24",
		"revenue" : 31083599,
		"runtime" : 91,
		"movie_status" : "Released",
		"vote_average" : 6.2,
		"vote_count" : 832
	},
	{
		"movie_key" : 49529,
		"company_id" : 2,
		"title" : "John Carter",
		"budget" : 260000000,
		"popularity" : 43.926995,
		"release_date" : "2012-03-07",
		"revenue" : 284139100,
		"runtime" : 132,
		"movie_status" : "Released",
		"vote_average" : 6.1,
		"vote_count" : 2124
	},
	{
		"movie_key" : 49948,
		"company_id" : 2,
		"title" : "Fantasia 2000",
		"budget" : 80000000,
		"popularity" : 14.530946,
		"release_date" : "1999-12-17",
		"revenue" : 90874570,
		"runtime" : 74,
		"movie_status" : "Released",
		"vote_average" : 7,
		"vote_count" : 292
	},
	{
		"movie_key" : 50037,
		"company_id" : 28001,
		"title" : "Beyond the Black Rainbow",
		"budget" : 1100000,
		"popularity" : 7.717237,
		"release_date" : "2010-12-03",
		"revenue" : 0,
		"runtime" : 110,
		"movie_status" : "Released",
		"vote_average" : 5.7,
		"vote_count" : 77
	},
	{
		"movie_key" : 50321,
		"company_id" : 6125,
		"title" : "Mars Needs Moms",
		"budget" : 150000000,
		"popularity" : 12.362599,
		"release_date" : "2011-03-09",
		"revenue" : 38992758,
		"runtime" : 88,
		"movie_status" : "Released",
		"vote_average" : 5.5,
		"vote_count" : 199
	},
	{
		"movie_key" : 50497,
		"company_id" : 1490,
		"title" : "When the Lights Went Out",
		"budget" : 0,
		"popularity" : 2.805351,
		"release_date" : "2012-01-31",
		"revenue" : 0,
		"runtime" : 86,
		"movie_status" : "Released",
		"vote_average" : 5.8,
		"vote_count" : 49
	},
	{
		"movie_key" : 50538,
		"company_id" : 13313,
		"title" : "Sur le seuil",
		"budget" : 0,
		"popularity" : 0.205034,
		"release_date" : "2003-10-03",
		"revenue" : 0,
		"runtime" : 100,
		"movie_status" : "Released",
		"vote_average" : 6.9,
		"vote_count" : 8
	},
	{
		"movie_key" : 50646,
		"company_id" : 6194,
		"title" : "Crazy, Stupid, Love.",
		"budget" : 50000000,
		"popularity" : 37.990705,
		"release_date" : "2011-07-29",
		"revenue" : 142851197,
		"runtime" : 118,
		"movie_status" : "Released",
		"vote_average" : 7,
		"vote_count" : 2443
	},
	{
		"movie_key" : 51942,
		"company_id" : 41680,
		"title" : "I Married a Strange Person!",
		"budget" : 250,
		"popularity" : 0.293649,
		"release_date" : "1998-08-28",
		"revenue" : 203,
		"runtime" : 72,
		"movie_status" : "Released",
		"vote_average" : 7.5,
		"vote_count" : 12
	},
	{
		"movie_key" : 51995,
		"company_id" : 6667,
		"title" : "Salvation Boulevard",
		"budget" : 8000000,
		"popularity" : 3.653305,
		"release_date" : "2011-07-15",
		"revenue" : 0,
		"runtime" : 96,
		"movie_status" : "Released",
		"vote_average" : 5.6,
		"vote_count" : 28
	},
	{
		"movie_key" : 52032,
		"company_id" : 8828,
		"title" : "My Dog Tulip",
		"budget" : 0,
		"popularity" : 1.170257,
		"release_date" : "2009-01-01",
		"revenue" : 246574,
		"runtime" : 83,
		"movie_status" : "Released",
		"vote_average" : 7.6,
		"vote_count" : 9
	},
	{
		"movie_key" : 52067,
		"company_id" : 2361,
		"title" : "Cedar Rapids",
		"budget" : 0,
		"popularity" : 10.254807,
		"release_date" : "2011-02-11",
		"revenue" : 6861102,
		"runtime" : 87,
		"movie_status" : "Released",
		"vote_average" : 5.9,
		"vote_count" : 135
	},
	{
		"movie_key" : 53113,
		"company_id" : 33,
		"title" : "One True Thing",
		"budget" : 0,
		"popularity" : 2.644427,
		"release_date" : "1998-09-18",
		"revenue" : 0,
		"runtime" : 127,
		"movie_status" : "Released",
		"vote_average" : 6.2,
		"vote_count" : 27
	},
	{
		"movie_key" : 53862,
		"company_id" : 919,
		"title" : "Trippin'",
		"budget" : 0,
		"popularity" : 0.185373,
		"release_date" : "1999-05-12",
		"revenue" : 9016377,
		"runtime" : 94,
		"movie_status" : "Released",
		"vote_average" : 4.5,
		"vote_count" : 4
	},
	{
		"movie_key" : 54897,
		"company_id" : 33632,
		"title" : "The Grace Card",
		"budget" : 200000,
		"popularity" : 0.616283,
		"release_date" : "2011-02-25",
		"revenue" : 2295733,
		"runtime" : 101,
		"movie_status" : "Released",
		"vote_average" : 6.5,
		"vote_count" : 10
	},
	{
		"movie_key" : 55123,
		"company_id" : 8,
		"title" : "Tumbleweeds",
		"budget" : 312000,
		"popularity" : 1.505703,
		"release_date" : "1999-11-28",
		"revenue" : 1281176,
		"runtime" : 102,
		"movie_status" : "Released",
		"vote_average" : 6.2,
		"vote_count" : 11
	},
	{
		"movie_key" : 55180,
		"company_id" : 17181,
		"title" : "The Last Big Thing",
		"budget" : 0,
		"popularity" : 0.678475,
		"release_date" : "1998-09-23",
		"revenue" : 0,
		"runtime" : 98,
		"movie_status" : "Released",
		"vote_average" : 6,
		"vote_count" : 3
	},
	{
		"movie_key" : 55301,
		"company_id" : 711,
		"title" : "Alvin and the Chipmunks: Chipwrecked",
		"budget" : 75000000,
		"popularity" : 23.473004,
		"release_date" : "2011-12-14",
		"revenue" : 342695435,
		"runtime" : 87,
		"movie_status" : "Released",
		"vote_average" : 5.4,
		"vote_count" : 484
	},
	{
		"movie_key" : 55420,
		"company_id" : 8145,
		"title" : "Another Earth",
		"budget" : 100000,
		"popularity" : 25.402697,
		"release_date" : "2011-07-22",
		"revenue" : 1776935,
		"runtime" : 92,
		"movie_status" : "Released",
		"vote_average" : 6.8,
		"vote_count" : 527
	},
	{
		"movie_key" : 55604,
		"company_id" : 8411,
		"title" : "Boom Town",
		"budget" : 2000000,
		"popularity" : 1.867004,
		"release_date" : "1940-08-30",
		"revenue" : 9172000,
		"runtime" : 119,
		"movie_status" : "Released",
		"vote_average" : 6.5,
		"vote_count" : 8
	},
	{
		"movie_key" : 56288,
		"company_id" : 7405,
		"title" : "Spy Kids: All the Time in the World",
		"budget" : 27000000,
		"popularity" : 14.788073,
		"release_date" : "2011-08-18",
		"revenue" : 85564310,
		"runtime" : 89,
		"movie_status" : "Released",
		"vote_average" : 4.4,
		"vote_count" : 222
	},
	{
		"movie_key" : 56930,
		"company_id" : 6,
		"title" : "Tycoon",
		"budget" : 0,
		"popularity" : 0.042442,
		"release_date" : "1947-12-27",
		"revenue" : 0,
		"runtime" : 128,
		"movie_status" : "Released",
		"vote_average" : 6.6,
		"vote_count" : 4
	},
	{
		"movie_key" : 57089,
		"company_id" : 7582,
		"title" : "Hoodwinked Too! Hood VS. Evil",
		"budget" : 30000000,
		"popularity" : 10.694417,
		"release_date" : "2011-04-29",
		"revenue" : 13521829,
		"runtime" : 86,
		"movie_status" : "Released",
		"vote_average" : 4.8,
		"vote_count" : 131
	},
	{
		"movie_key" : 57876,
		"company_id" : 7377,
		"title" : "Area 51",
		"budget" : 5000000,
		"popularity" : 7.794,
		"release_date" : "2015-05-15",
		"revenue" : 0,
		"runtime" : 91,
		"movie_status" : "Released",
		"vote_average" : 4.2,
		"vote_count" : 151
	},
	{
		"movie_key" : 58151,
		"company_id" : 9195,
		"title" : "Fright Night",
		"budget" : 17000000,
		"popularity" : 18.27083,
		"release_date" : "2011-08-18",
		"revenue" : 24922237,
		"runtime" : 106,
		"movie_status" : "Released",
		"vote_average" : 6,
		"vote_count" : 603
	},
	{
		"movie_key" : 58233,
		"company_id" : 33,
		"title" : "Johnny English Reborn",
		"budget" : 45000000,
		"popularity" : 35.6585,
		"release_date" : "2011-09-15",
		"revenue" : 160078586,
		"runtime" : 101,
		"movie_status" : "Released",
		"vote_average" : 6,
		"vote_count" : 1007
	},
	{
		"movie_key" : 58492,
		"company_id" : 15159,
		"title" : "The Greatest Movie Ever Sold",
		"budget" : 0,
		"popularity" : 0.692497,
		"release_date" : "2011-04-22",
		"revenue" : 621951,
		"runtime" : 87,
		"movie_status" : "Released",
		"vote_average" : 6.4,
		"vote_count" : 88
	},
	{
		"movie_key" : 58626,
		"company_id" : 1804,
		"title" : "The Hit List",
		"budget" : 6000000,
		"popularity" : 4.957014,
		"release_date" : "2011-04-02",
		"revenue" : 0,
		"runtime" : 90,
		"movie_status" : "Released",
		"vote_average" : 5.2,
		"vote_count" : 73
	},
	{
		"movie_key" : 58882,
		"company_id" : 37041,
		"title" : "Snow Flower and the Secret Fan",
		"budget" : 134005,
		"popularity" : 2.260315,
		"release_date" : "2011-07-15",
		"revenue" : 1332231,
		"runtime" : 104,
		"movie_status" : "Released",
		"vote_average" : 5.3,
		"vote_count" : 22
	},
	{
		"movie_key" : 59457,
		"company_id" : 703,
		"title" : "Womb",
		"budget" : 3100000,
		"popularity" : 7.453347,
		"release_date" : "2010-07-15",
		"revenue" : 0,
		"runtime" : 111,
		"movie_status" : "Released",
		"vote_average" : 5.9,
		"vote_count" : 92
	},
	{
		"movie_key" : 59930,
		"company_id" : 9195,
		"title" : "The Inkwell",
		"budget" : 0,
		"popularity" : 0.269661,
		"release_date" : "1994-04-22",
		"revenue" : 8880705,
		"runtime" : 110,
		"movie_status" : "Released",
		"vote_average" : 3.9,
		"vote_count" : 5
	},
	{
		"movie_key" : 60400,
		"company_id" : 306,
		"title" : "The Blue Bird",
		"budget" : 0,
		"popularity" : 1.280733,
		"release_date" : "1940-01-19",
		"revenue" : 0,
		"runtime" : 88,
		"movie_status" : "Released",
		"vote_average" : 6.4,
		"vote_count" : 8
	},
	{
		"movie_key" : 60422,
		"company_id" : 8872,
		"title" : "Another Happy Day",
		"budget" : 4000000,
		"popularity" : 3.238466,
		"release_date" : "2011-11-18",
		"revenue" : 355688,
		"runtime" : 119,
		"movie_status" : "Released",
		"vote_average" : 6.2,
		"vote_count" : 37
	},
	{
		"movie_key" : 61038,
		"company_id" : 8573,
		"title" : "Go for It!",
		"budget" : 2450000,
		"popularity" : 0.500753,
		"release_date" : "2011-05-13",
		"revenue" : 0,
		"runtime" : 105,
		"movie_status" : "Released",
		"vote_average" : 4.6,
		"vote_count" : 5
	},
	{
		"movie_key" : 62116,
		"company_id" : 13907,
		"title" : "Nannerl, la soeur de Mozart",
		"budget" : 0,
		"popularity" : 0.774442,
		"release_date" : "2010-06-09",
		"revenue" : 0,
		"runtime" : 120,
		"movie_status" : "Released",
		"vote_average" : 6.2,
		"vote_count" : 13
	},
	{
		"movie_key" : 62206,
		"company_id" : 5,
		"title" : "30 Minutes or Less",
		"budget" : 28000000,
		"popularity" : 25.039383,
		"release_date" : "2011-08-11",
		"revenue" : 40547440,
		"runtime" : 83,
		"movie_status" : "Released",
		"vote_average" : 5.6,
		"vote_count" : 531
	},
	{
		"movie_key" : 62214,
		"company_id" : 8601,
		"title" : "Frankenweenie",
		"budget" : 39000000,
		"popularity" : 27.908783,
		"release_date" : "2012-10-04",
		"revenue" : 35287788,
		"runtime" : 87,
		"movie_status" : "Released",
		"vote_average" : 6.6,
		"vote_count" : 932
	},
	{
		"movie_key" : 62838,
		"company_id" : 12,
		"title" : "New Year's Eve",
		"budget" : 56000000,
		"popularity" : 21.219292,
		"release_date" : "2011-12-08",
		"revenue" : 142044638,
		"runtime" : 118,
		"movie_status" : "Released",
		"vote_average" : 5.7,
		"vote_count" : 718
	},
	{
		"movie_key" : 63020,
		"company_id" : 28205,
		"title" : "The Perez Family",
		"budget" : 11000000,
		"popularity" : 1.187671,
		"release_date" : "1995-05-12",
		"revenue" : 2832826,
		"runtime" : 113,
		"movie_status" : "Released",
		"vote_average" : 6.6,
		"vote_count" : 9
	},
	{
		"movie_key" : 63287,
		"company_id" : 73334,
		"title" : "The Poker House",
		"budget" : 0,
		"popularity" : 2.948576,
		"release_date" : "2008-06-20",
		"revenue" : 0,
		"runtime" : 93,
		"movie_status" : "Released",
		"vote_average" : 6.1,
		"vote_count" : 47
	},
	{
		"movie_key" : 64328,
		"company_id" : 2,
		"title" : "The Muppets",
		"budget" : 45000000,
		"popularity" : 17.047276,
		"release_date" : "2011-11-22",
		"revenue" : 165184237,
		"runtime" : 103,
		"movie_status" : "Released",
		"vote_average" : 6.5,
		"vote_count" : 501
	},
	{
		"movie_key" : 64639,
		"company_id" : 2108,
		"title" : "Straw Dogs",
		"budget" : 25000000,
		"popularity" : 7.473455,
		"release_date" : "2011-09-16",
		"revenue" : 10324441,
		"runtime" : 110,
		"movie_status" : "Released",
		"vote_average" : 5.5,
		"vote_count" : 144
	},
	{
		"movie_key" : 65055,
		"company_id" : 7215,
		"title" : "Shark Night",
		"budget" : 28000000,
		"popularity" : 8.363702,
		"release_date" : "2011-09-02",
		"revenue" : 10126458,
		"runtime" : 91,
		"movie_status" : "Released",
		"vote_average" : 4.9,
		"vote_count" : 132
	},
	{
		"movie_key" : 65203,
		"company_id" : 8411,
		"title" : "The Broadway Melody",
		"budget" : 379000,
		"popularity" : 0.968865,
		"release_date" : "1929-02-08",
		"revenue" : 4358000,
		"runtime" : 100,
		"movie_status" : "Released",
		"vote_average" : 5,
		"vote_count" : 19
	},
	{
		"movie_key" : 65749,
		"company_id" : 40451,
		"title" : "Tango, no me dejes nunca",
		"budget" : 0,
		"popularity" : 0.425551,
		"release_date" : "1998-02-12",
		"revenue" : 0,
		"runtime" : 115,
		"movie_status" : "Released",
		"vote_average" : 6.8,
		"vote_count" : 6
	},
	{
		"movie_key" : 66195,
		"company_id" : 8146,
		"title" : "The Perfect Host",
		"budget" : 0,
		"popularity" : 6.507094,
		"release_date" : "2010-07-01",
		"revenue" : 14870,
		"runtime" : 93,
		"movie_status" : "Released",
		"vote_average" : 6.2,
		"vote_count" : 135
	},
	{
		"movie_key" : 66942,
		"company_id" : 7584,
		"title" : "Griff the Invisible",
		"budget" : 2902660,
		"popularity" : 1.35088,
		"release_date" : "2011-08-19",
		"revenue" : 0,
		"runtime" : 93,
		"movie_status" : "Released",
		"vote_average" : 6.1,
		"vote_count" : 34
	},
	{
		"movie_key" : 67660,
		"company_id" : 1309,
		"title" : "Think Like a Man",
		"budget" : 12000000,
		"popularity" : 6.035152,
		"release_date" : "2012-04-16",
		"revenue" : 96070507,
		"runtime" : 122,
		"movie_status" : "Released",
		"vote_average" : 6.9,
		"vote_count" : 281
	},
	{
		"movie_key" : 68412,
		"company_id" : 64857,
		"title" : "3 Backyards",
		"budget" : 0,
		"popularity" : 0.17817,
		"release_date" : "2010-01-01",
		"revenue" : 0,
		"runtime" : 88,
		"movie_status" : "Released",
		"vote_average" : 4.8,
		"vote_count" : 4
	},
	{
		"movie_key" : 68684,
		"company_id" : 21125,
		"title" : "Detention",
		"budget" : 10000000,
		"popularity" : 10.424596,
		"release_date" : "2011-03-16",
		"revenue" : 0,
		"runtime" : 93,
		"movie_status" : "Released",
		"vote_average" : 5.7,
		"vote_count" : 129
	},
	{
		"movie_key" : 68721,
		"company_id" : 420,
		"title" : "Iron Man 3",
		"budget" : 200000000,
		"popularity" : 77.68208,
		"release_date" : "2013-04-18",
		"revenue" : 1215439994,
		"runtime" : 130,
		"movie_status" : "Released",
		"vote_average" : 6.8,
		"vote_count" : 8806
	},
	{
		"movie_key" : 70436,
		"company_id" : 7295,
		"title" : "The Raven",
		"budget" : 26000000,
		"popularity" : 22.520842,
		"release_date" : "2012-03-09",
		"revenue" : 29657751,
		"runtime" : 111,
		"movie_status" : "Released",
		"vote_average" : 6.1,
		"vote_count" : 426
	},
	{
		"movie_key" : 70868,
		"company_id" : 308,
		"title" : "I Don't Know How She Does It",
		"budget" : 24000000,
		"popularity" : 8.630825,
		"release_date" : "2011-09-16",
		"revenue" : 30551495,
		"runtime" : 89,
		"movie_status" : "Released",
		"vote_average" : 5,
		"vote_count" : 141
	},
	{
		"movie_key" : 71547,
		"company_id" : 5991,
		"title" : "Fascination",
		"budget" : 0,
		"popularity" : 0.219799,
		"release_date" : "2004-10-13",
		"revenue" : 0,
		"runtime" : 95,
		"movie_status" : "Released",
		"vote_average" : 3.8,
		"vote_count" : 4
	},
	{
		"movie_key" : 71552,
		"company_id" : 33,
		"title" : "American Reunion",
		"budget" : 50000000,
		"popularity" : 39.920035,
		"release_date" : "2012-04-04",
		"revenue" : 234989584,
		"runtime" : 113,
		"movie_status" : "Released",
		"vote_average" : 6.1,
		"vote_count" : 1611
	},
	{
		"movie_key" : 71679,
		"company_id" : 342,
		"title" : "Resident Evil: Retribution",
		"budget" : 65000000,
		"popularity" : 6.227675,
		"release_date" : "2012-09-12",
		"revenue" : 240159255,
		"runtime" : 95,
		"movie_status" : "Released",
		"vote_average" : 5.6,
		"vote_count" : 1600
	},
	{
		"movie_key" : 71864,
		"company_id" : 2,
		"title" : "The Odd Life of Timothy Green",
		"budget" : 0,
		"popularity" : 16.394452,
		"release_date" : "2012-08-15",
		"revenue" : 51854875,
		"runtime" : 105,
		"movie_status" : "Released",
		"vote_average" : 6.5,
		"vote_count" : 386
	},
	{
		"movie_key" : 71866,
		"company_id" : 3782,
		"title" : "Tanner Hall",
		"budget" : 0,
		"popularity" : 2.015525,
		"release_date" : "2009-09-14",
		"revenue" : 0,
		"runtime" : 96,
		"movie_status" : "Released",
		"vote_average" : 5.4,
		"vote_count" : 32
	},
	{
		"movie_key" : 72913,
		"company_id" : 2906,
		"title" : "Amigo",
		"budget" : 1200000,
		"popularity" : 0.193172,
		"release_date" : "2010-07-14",
		"revenue" : 0,
		"runtime" : 128,
		"movie_status" : "Released",
		"vote_average" : 6,
		"vote_count" : 2
	},
	{
		"movie_key" : 73191,
		"company_id" : 3592,
		"title" : "The Nutcracker",
		"budget" : 19000000,
		"popularity" : 0.068228,
		"release_date" : "1993-11-24",
		"revenue" : 2119994,
		"runtime" : 93,
		"movie_status" : "Released",
		"vote_average" : 5.6,
		"vote_count" : 5
	},
	{
		"movie_key" : 73247,
		"company_id" : 33,
		"title" : "Heartbeeps",
		"budget" : 10000000,
		"popularity" : 0.518056,
		"release_date" : "1981-12-18",
		"revenue" : 2154696,
		"runtime" : 79,
		"movie_status" : "Released",
		"vote_average" : 3.8,
		"vote_count" : 6
	},
	{
		"movie_key" : 73511,
		"company_id" : 68599,
		"title" : "The Californians",
		"budget" : 0,
		"popularity" : 0.218736,
		"release_date" : "2005-10-21",
		"revenue" : 0,
		"runtime" : 91,
		"movie_status" : "Released",
		"vote_average" : 4,
		"vote_count" : 1
	},
	{
		"movie_key" : 73873,
		"company_id" : 8717,
		"title" : "Albert Nobbs",
		"budget" : 8000000,
		"popularity" : 7.802245,
		"release_date" : "2011-12-21",
		"revenue" : 5634828,
		"runtime" : 113,
		"movie_status" : "Released",
		"vote_average" : 6.2,
		"vote_count" : 132
	},
	{
		"movie_key" : 74084,
		"company_id" : 3650,
		"title" : "दिल जो भी कहे",
		"budget" : 0,
		"popularity" : 0.122704,
		"release_date" : "2006-12-07",
		"revenue" : 0,
		"runtime" : 0,
		"movie_status" : "Released",
		"vote_average" : 0,
		"vote_count" : 0
	},
	{
		"movie_key" : 74536,
		"company_id" : 10254,
		"title" : "The Son of No One",
		"budget" : 15000000,
		"popularity" : 7.701186,
		"release_date" : "2011-11-04",
		"revenue" : 0,
		"runtime" : 90,
		"movie_status" : "Released",
		"vote_average" : 4.8,
		"vote_count" : 92
	},
	{
		"movie_key" : 76338,
		"company_id" : 420,
		"title" : "Thor: The Dark World",
		"budget" : 170000000,
		"popularity" : 99.499595,
		"release_date" : "2013-10-29",
		"revenue" : 644571402,
		"runtime" : 112,
		"movie_status" : "Released",
		"vote_average" : 6.8,
		"vote_count" : 4755
	},
	{
		"movie_key" : 76349,
		"company_id" : 15071,
		"title" : "辛亥革命",
		"budget" : 30000000,
		"popularity" : 4.065212,
		"release_date" : "2011-07-03",
		"revenue" : 108348,
		"runtime" : 125,
		"movie_status" : "Released",
		"vote_average" : 5,
		"vote_count" : 41
	},
	{
		"movie_key" : 76489,
		"company_id" : 8890,
		"title" : "The Three Stooges",
		"budget" : 30000000,
		"popularity" : 14.585968,
		"release_date" : "2012-04-13",
		"revenue" : 54819301,
		"runtime" : 92,
		"movie_status" : "Released",
		"vote_average" : 4.9,
		"vote_count" : 140
	},
	{
		"movie_key" : 76493,
		"company_id" : 4,
		"title" : "The Dictator",
		"budget" : 65000000,
		"popularity" : 31.349143,
		"release_date" : "2012-05-15",
		"revenue" : 179379533,
		"runtime" : 83,
		"movie_status" : "Released",
		"vote_average" : 5.9,
		"vote_count" : 1743
	},
	{
		"movie_key" : 76640,
		"company_id" : 435,
		"title" : "The Last Stand",
		"budget" : 30000000,
		"popularity" : 43.882857,
		"release_date" : "2013-01-12",
		"revenue" : 0,
		"runtime" : 107,
		"movie_status" : "Released",
		"vote_average" : 5.7,
		"vote_count" : 1266
	},
	{
		"movie_key" : 77934,
		"company_id" : 8077,
		"title" : "The Christmas Bunny",
		"budget" : 250000,
		"popularity" : 0.065103,
		"release_date" : "2010-11-28",
		"revenue" : 0,
		"runtime" : 96,
		"movie_status" : "Released",
		"vote_average" : 5.7,
		"vote_count" : 7
	},
	{
		"movie_key" : 77950,
		"company_id" : 521,
		"title" : "Turbo",
		"budget" : 135000000,
		"popularity" : 44.765377,
		"release_date" : "2013-07-11",
		"revenue" : 282570682,
		"runtime" : 96,
		"movie_status" : "Released",
		"vote_average" : 6.1,
		"vote_count" : 1074
	},
	{
		"movie_key" : 78381,
		"company_id" : 70,
		"title" : "Twixt",
		"budget" : 7000000,
		"popularity" : 5.060656,
		"release_date" : "2011-09-10",
		"revenue" : 0,
		"runtime" : 84,
		"movie_status" : "Released",
		"vote_average" : 5,
		"vote_count" : 85
	},
	{
		"movie_key" : 79161,
		"company_id" : 8139,
		"title" : "51 Birch Street",
		"budget" : 0,
		"popularity" : 0.049921,
		"release_date" : "2006-10-18",
		"revenue" : 0,
		"runtime" : 90,
		"movie_status" : "Released",
		"vote_average" : 6.8,
		"vote_count" : 6
	},
	{
		"movie_key" : 79587,
		"company_id" : 18156,
		"title" : "Four Single Fathers",
		"budget" : 3,
		"popularity" : 0.008263,
		"release_date" : "2009-01-15",
		"revenue" : 0,
		"runtime" : 100,
		"movie_status" : "Released",
		"vote_average" : 0,
		"vote_count" : 0
	},
	{
		"movie_key" : 79777,
		"company_id" : 7263,
		"title" : "In the Land of Blood and Honey",
		"budget" : 10000000,
		"popularity" : 4.267466,
		"release_date" : "2011-12-23",
		"revenue" : 303877,
		"runtime" : 127,
		"movie_status" : "Released",
		"vote_average" : 5.8,
		"vote_count" : 45
	},
	{
		"movie_key" : 80215,
		"company_id" : 84489,
		"title" : "Indie Game: The Movie",
		"budget" : 0,
		"popularity" : 7.676677,
		"release_date" : "2012-05-18",
		"revenue" : 0,
		"runtime" : 96,
		"movie_status" : "Released",
		"vote_average" : 7.4,
		"vote_count" : 203
	},
	{
		"movie_key" : 80321,
		"company_id" : 521,
		"title" : "Madagascar 3: Europe's Most Wanted",
		"budget" : 145000000,
		"popularity" : 44.989192,
		"release_date" : "2012-06-06",
		"revenue" : 746921274,
		"runtime" : 93,
		"movie_status" : "Released",
		"vote_average" : 6.4,
		"vote_count" : 1808
	},
	{
		"movie_key" : 81188,
		"company_id" : 521,
		"title" : "Rise of the Guardians",
		"budget" : 145000000,
		"popularity" : 61.788035,
		"release_date" : "2012-11-21",
		"revenue" : 306941670,
		"runtime" : 97,
		"movie_status" : "Released",
		"vote_average" : 7.1,
		"vote_count" : 1922
	},
	{
		"movie_key" : 81220,
		"company_id" : 3135,
		"title" : "Everything Put Together",
		"budget" : 500000,
		"popularity" : 0.046903,
		"release_date" : "2001-11-02",
		"revenue" : 0,
		"runtime" : 87,
		"movie_status" : "Released",
		"vote_average" : 5,
		"vote_count" : 2
	},
	{
		"movie_key" : 82532,
		"company_id" : 9350,
		"title" : "Jeff, Who Lives at Home",
		"budget" : 10000000,
		"popularity" : 10.409155,
		"release_date" : "2011-09-13",
		"revenue" : 4417580,
		"runtime" : 83,
		"movie_status" : "Released",
		"vote_average" : 6.1,
		"vote_count" : 217
	},
	{
		"movie_key" : 82533,
		"company_id" : 37812,
		"title" : "Damsels in Distress",
		"budget" : 0,
		"popularity" : 3.750338,
		"release_date" : "2012-04-06",
		"revenue" : 0,
		"runtime" : 99,
		"movie_status" : "Released",
		"vote_average" : 5.6,
		"vote_count" : 67
	},
	{
		"movie_key" : 82650,
		"company_id" : 711,
		"title" : "Diary of a Wimpy Kid: Dog Days",
		"budget" : 22000000,
		"popularity" : 13.410919,
		"release_date" : "2012-08-02",
		"revenue" : 77112176,
		"runtime" : 94,
		"movie_status" : "Released",
		"vote_average" : 6,
		"vote_count" : 223
	},
	{
		"movie_key" : 82654,
		"company_id" : 491,
		"title" : "Warm Bodies",
		"budget" : 35000000,
		"popularity" : 43.742241,
		"release_date" : "2013-01-31",
		"revenue" : 116980662,
		"runtime" : 97,
		"movie_status" : "Released",
		"vote_average" : 6.4,
		"vote_count" : 2652
	},
	{
		"movie_key" : 82690,
		"company_id" : 6125,
		"title" : "Wreck-It Ralph",
		"budget" : 165000000,
		"popularity" : 62.341073,
		"release_date" : "2012-11-01",
		"revenue" : 471222889,
		"runtime" : 108,
		"movie_status" : "Released",
		"vote_average" : 7.1,
		"vote_count" : 4570
	},
	{
		"movie_key" : 82693,
		"company_id" : 308,
		"title" : "Silver Linings Playbook",
		"budget" : 21000000,
		"popularity" : 63.599973,
		"release_date" : "2012-09-08",
		"revenue" : 205738714,
		"runtime" : 122,
		"movie_status" : "Released",
		"vote_average" : 6.9,
		"vote_count" : 4742
	},
	{
		"movie_key" : 84184,
		"company_id" : 598,
		"title" : "Celeste & Jesse Forever",
		"budget" : 0,
		"popularity" : 9.436431,
		"release_date" : "2012-08-03",
		"revenue" : 3094813,
		"runtime" : 91,
		"movie_status" : "Released",
		"vote_average" : 6.4,
		"vote_count" : 163
	},
	{
		"movie_key" : 84200,
		"company_id" : 52241,
		"title" : "For a Good Time, Call...",
		"budget" : 850000,
		"popularity" : 14.238376,
		"release_date" : "2012-08-31",
		"revenue" : 1243961,
		"runtime" : 85,
		"movie_status" : "Released",
		"vote_average" : 5.8,
		"vote_count" : 110
	},
	{
		"movie_key" : 84355,
		"company_id" : 1424,
		"title" : "Your Sister's Sister",
		"budget" : 125000,
		"popularity" : 12.833247,
		"release_date" : "2011-09-11",
		"revenue" : 3200000,
		"runtime" : 90,
		"movie_status" : "Released",
		"vote_average" : 6.5,
		"vote_count" : 137
	},
	{
		"movie_key" : 85446,
		"company_id" : 491,
		"title" : "Step Up Revolution",
		"budget" : 33000000,
		"popularity" : 29.775441,
		"release_date" : "2012-07-26",
		"revenue" : 140470746,
		"runtime" : 99,
		"movie_status" : "Released",
		"vote_average" : 6.7,
		"vote_count" : 663
	},
	{
		"movie_key" : 85860,
		"company_id" : 10485,
		"title" : "The FP",
		"budget" : 0,
		"popularity" : 0.838957,
		"release_date" : "2011-03-13",
		"revenue" : 0,
		"runtime" : 82,
		"movie_status" : "Released",
		"vote_average" : 4.5,
		"vote_count" : 11
	},
	{
		"movie_key" : 86304,
		"company_id" : 18818,
		"title" : "All Superheroes Must Die",
		"budget" : 0,
		"popularity" : 3.545991,
		"release_date" : "2011-10-26",
		"revenue" : 0,
		"runtime" : 78,
		"movie_status" : "Released",
		"vote_average" : 4.2,
		"vote_count" : 13
	},
	{
		"movie_key" : 86812,
		"company_id" : 26197,
		"title" : "Sound of My Voice",
		"budget" : 0,
		"popularity" : 6.192383,
		"release_date" : "2011-01-22",
		"revenue" : 0,
		"runtime" : 85,
		"movie_status" : "Released",
		"vote_average" : 6.3,
		"vote_count" : 108
	},
	{
		"movie_key" : 87499,
		"company_id" : 1645,
		"title" : "The East",
		"budget" : 6500000,
		"popularity" : 16.574756,
		"release_date" : "2013-05-31",
		"revenue" : 2401510,
		"runtime" : 116,
		"movie_status" : "Released",
		"vote_average" : 6.5,
		"vote_count" : 305
	},
	{
		"movie_key" : 87943,
		"company_id" : 82784,
		"title" : "Sisters in Law",
		"budget" : 0,
		"popularity" : 0.025211,
		"release_date" : "2005-09-03",
		"revenue" : 0,
		"runtime" : 104,
		"movie_status" : "Released",
		"vote_average" : 7.3,
		"vote_count" : 2
	},
	{
		"movie_key" : 88641,
		"company_id" : 365,
		"title" : "There Goes My Baby",
		"budget" : 10500000,
		"popularity" : 0.037073,
		"release_date" : "1994-09-02",
		"revenue" : 123509,
		"runtime" : 99,
		"movie_status" : "Released",
		"vote_average" : 8.5,
		"vote_count" : 2
	},
	{
		"movie_key" : 89492,
		"company_id" : 10105,
		"title" : "This Is 40",
		"budget" : 35000000,
		"popularity" : 38.429648,
		"release_date" : "2012-12-20",
		"revenue" : 88058786,
		"runtime" : 134,
		"movie_status" : "Released",
		"vote_average" : 5.6,
		"vote_count" : 896
	},
	{
		"movie_key" : 89708,
		"company_id" : 10986,
		"title" : "Samsara",
		"budget" : 4000000,
		"popularity" : 12.781973,
		"release_date" : "2011-09-16",
		"revenue" : 0,
		"runtime" : 102,
		"movie_status" : "Released",
		"vote_average" : 8,
		"vote_count" : 167
	},
	{
		"movie_key" : 89750,
		"company_id" : 17027,
		"title" : "Pink Ribbons, Inc.",
		"budget" : 900000,
		"popularity" : 0.097913,
		"release_date" : "2011-09-11",
		"revenue" : 25000,
		"runtime" : 97,
		"movie_status" : "Released",
		"vote_average" : 6.8,
		"vote_count" : 6
	},
	{
		"movie_key" : 90369,
		"company_id" : 11843,
		"title" : "Now Is Good",
		"budget" : 0,
		"popularity" : 14.142073,
		"release_date" : "2012-05-25",
		"revenue" : 0,
		"runtime" : 103,
		"movie_status" : "Released",
		"vote_average" : 7.3,
		"vote_count" : 371
	},
	{
		"movie_key" : 91122,
		"company_id" : 59196,
		"title" : "16 to Life",
		"budget" : 0,
		"popularity" : 0.108468,
		"release_date" : "2009-09-19",
		"revenue" : 0,
		"runtime" : 118,
		"movie_status" : "Released",
		"vote_average" : 4.4,
		"vote_count" : 5
	},
	{
		"movie_key" : 94348,
		"company_id" : 491,
		"title" : "Alex Cross",
		"budget" : 45000000,
		"popularity" : 14.513243,
		"release_date" : "2012-10-18",
		"revenue" : 30353232,
		"runtime" : 101,
		"movie_status" : "Released",
		"vote_average" : 5.1,
		"vote_count" : 300
	},
	{
		"movie_key" : 94352,
		"company_id" : 2787,
		"title" : "Cirque du Soleil: Worlds Away",
		"budget" : 0,
		"popularity" : 5.987486,
		"release_date" : "2012-11-09",
		"revenue" : 34153101,
		"runtime" : 91,
		"movie_status" : "Released",
		"vote_average" : 6.1,
		"vote_count" : 58
	},
	{
		"movie_key" : 96399,
		"company_id" : 41537,
		"title" : "For Greater Glory - The True Story of Cristiada",
		"budget" : 12000000,
		"popularity" : 5.759545,
		"release_date" : "2012-06-01",
		"revenue" : 9622846,
		"runtime" : 145,
		"movie_status" : "Released",
		"vote_average" : 6.4,
		"vote_count" : 35
	},
	{
		"movie_key" : 98369,
		"company_id" : 36108,
		"title" : "Blue Like Jazz",
		"budget" : 1250000,
		"popularity" : 1.6116,
		"release_date" : "2012-04-13",
		"revenue" : 0,
		"runtime" : 106,
		"movie_status" : "Released",
		"vote_average" : 5.8,
		"vote_count" : 25
	},
	{
		"movie_key" : 98568,
		"company_id" : 11049,
		"title" : "Enter Nowhere",
		"budget" : 0,
		"popularity" : 3.637857,
		"release_date" : "2011-10-22",
		"revenue" : 0,
		"runtime" : 90,
		"movie_status" : "Released",
		"vote_average" : 6.5,
		"vote_count" : 49
	},
	{
		"movie_key" : 99826,
		"company_id" : 921,
		"title" : "The Jimmy Show",
		"budget" : 0,
		"popularity" : 0.098351,
		"release_date" : "2002-01-16",
		"revenue" : 0,
		"runtime" : 96,
		"movie_status" : "Released",
		"vote_average" : 8,
		"vote_count" : 1
	},
	{
		"movie_key" : 100402,
		"company_id" : 420,
		"title" : "Captain America: The Winter Soldier",
		"budget" : 170000000,
		"popularity" : 72.225265,
		"release_date" : "2014-03-20",
		"revenue" : 714766572,
		"runtime" : 136,
		"movie_status" : "Released",
		"vote_average" : 7.6,
		"vote_count" : 5764
	},
	{
		"movie_key" : 101179,
		"company_id" : 12905,
		"title" : "Truth or Dare",
		"budget" : 0,
		"popularity" : 6.679954,
		"release_date" : "2012-08-05",
		"revenue" : 0,
		"runtime" : 95,
		"movie_status" : "Released",
		"vote_average" : 5.7,
		"vote_count" : 117
	},
	{
		"movie_key" : 102899,
		"company_id" : 420,
		"title" : "Ant-Man",
		"budget" : 130000000,
		"popularity" : 120.09361,
		"release_date" : "2015-07-14",
		"revenue" : 519311965,
		"runtime" : 117,
		"movie_status" : "Released",
		"vote_average" : 7,
		"vote_count" : 5880
	},
	{
		"movie_key" : 103370,
		"company_id" : 3096,
		"title" : "Madea's Witness Protection",
		"budget" : 0,
		"popularity" : 7.050951,
		"release_date" : "2012-06-29",
		"revenue" : 0,
		"runtime" : 114,
		"movie_status" : "Released",
		"vote_average" : 5.9,
		"vote_count" : 52
	},
	{
		"movie_key" : 108346,
		"company_id" : 85721,
		"title" : "Dreaming of Joseph Lees",
		"budget" : 2000000,
		"popularity" : 0.11615,
		"release_date" : "1999-10-29",
		"revenue" : 7,
		"runtime" : 92,
		"movie_status" : "Released",
		"vote_average" : 8,
		"vote_count" : 1
	},
	{
		"movie_key" : 109410,
		"company_id" : 6194,
		"title" : "42",
		"budget" : 40000000,
		"popularity" : 31.884559,
		"release_date" : "2013-04-12",
		"revenue" : 95020213,
		"runtime" : 128,
		"movie_status" : "Released",
		"vote_average" : 6.8,
		"vote_count" : 787
	},
	{
		"movie_key" : 109417,
		"company_id" : 3287,
		"title" : "Battle of the Year",
		"budget" : 20000000,
		"popularity" : 8.237336,
		"release_date" : "2013-09-21",
		"revenue" : 16549477,
		"runtime" : 110,
		"movie_status" : "Released",
		"vote_average" : 5.9,
		"vote_count" : 88
	},
	{
		"movie_key" : 109424,
		"company_id" : 5,
		"title" : "Captain Phillips",
		"budget" : 55000000,
		"popularity" : 52.786917,
		"release_date" : "2013-10-10",
		"revenue" : 95000000,
		"runtime" : 134,
		"movie_status" : "Released",
		"vote_average" : 7.6,
		"vote_count" : 2454
	},
	{
		"movie_key" : 113406,
		"company_id" : 65147,
		"title" : "Should've Been Romeo",
		"budget" : 0,
		"popularity" : 0.40703,
		"release_date" : "2012-04-28",
		"revenue" : 0,
		"runtime" : 0,
		"movie_status" : "Released",
		"vote_average" : 0,
		"vote_count" : 0
	},
	{
		"movie_key" : 114150,
		"company_id" : 12365,
		"title" : "Pitch Perfect",
		"budget" : 17000000,
		"popularity" : 32.746486,
		"release_date" : "2012-09-28",
		"revenue" : 115350426,
		"runtime" : 112,
		"movie_status" : "Released",
		"vote_average" : 7.3,
		"vote_count" : 2247
	},
	{
		"movie_key" : 114635,
		"company_id" : 21523,
		"title" : "The Helpers",
		"budget" : 4000000,
		"popularity" : 1.390659,
		"release_date" : "2012-10-27",
		"revenue" : 0,
		"runtime" : 78,
		"movie_status" : "Released",
		"vote_average" : 4.1,
		"vote_count" : 8
	},
	{
		"movie_key" : 117942,
		"company_id" : 31296,
		"title" : "Girls Gone Dead",
		"budget" : 500000,
		"popularity" : 1.600171,
		"release_date" : "2012-03-28",
		"revenue" : 0,
		"runtime" : 104,
		"movie_status" : "Released",
		"vote_average" : 3.5,
		"vote_count" : 14
	},
	{
		"movie_key" : 119283,
		"company_id" : 2902,
		"title" : "Parker",
		"budget" : 35000000,
		"popularity" : 28.670477,
		"release_date" : "2013-01-23",
		"revenue" : 46216641,
		"runtime" : 118,
		"movie_status" : "Released",
		"vote_average" : 5.7,
		"vote_count" : 1455
	},
	{
		"movie_key" : 126141,
		"company_id" : 54259,
		"title" : "Chats perchés",
		"budget" : 0,
		"popularity" : 0.092562,
		"release_date" : "2004-12-05",
		"revenue" : 0,
		"runtime" : 59,
		"movie_status" : "Released",
		"vote_average" : 7.7,
		"vote_count" : 3
	},
	{
		"movie_key" : 127867,
		"company_id" : 13552,
		"title" : "The Brass Teapot",
		"budget" : 0,
		"popularity" : 10.639774,
		"release_date" : "2012-09-08",
		"revenue" : 0,
		"runtime" : 100,
		"movie_status" : "Released",
		"vote_average" : 5.8,
		"vote_count" : 160
	},
	{
		"movie_key" : 132316,
		"company_id" : 1569,
		"title" : "Jab Tak Hai Jaan",
		"budget" : 0,
		"popularity" : 5.900535,
		"release_date" : "2012-11-13",
		"revenue" : 0,
		"runtime" : 176,
		"movie_status" : "Released",
		"vote_average" : 7.3,
		"vote_count" : 66
	},
	{
		"movie_key" : 136835,
		"company_id" : 49968,
		"title" : "No Good Deed",
		"budget" : 13200000,
		"popularity" : 24.656068,
		"release_date" : "2014-09-10",
		"revenue" : 53830415,
		"runtime" : 83,
		"movie_status" : "Released",
		"vote_average" : 5.6,
		"vote_count" : 181
	},
	{
		"movie_key" : 139715,
		"company_id" : 4896,
		"title" : "Detention of the Dead",
		"budget" : 500000,
		"popularity" : 2.391847,
		"release_date" : "2012-04-27",
		"revenue" : 0,
		"runtime" : 87,
		"movie_status" : "Released",
		"vote_average" : 4.5,
		"vote_count" : 34
	},
	{
		"movie_key" : 139948,
		"company_id" : 23648,
		"title" : "Burn",
		"budget" : 225000,
		"popularity" : 0.126676,
		"release_date" : "2012-11-01",
		"revenue" : 111300,
		"runtime" : 86,
		"movie_status" : "Released",
		"vote_average" : 6.9,
		"vote_count" : 6
	},
	{
		"movie_key" : 144340,
		"company_id" : 10146,
		"title" : "Admission",
		"budget" : 13000000,
		"popularity" : 17.632446,
		"release_date" : "2013-03-21",
		"revenue" : 18000000,
		"runtime" : 107,
		"movie_status" : "Released",
		"vote_average" : 5.4,
		"vote_count" : 304
	},
	{
		"movie_key" : 146304,
		"company_id" : 6292,
		"title" : "The Best Man Holiday",
		"budget" : 17000000,
		"popularity" : 7.210095,
		"release_date" : "2013-11-15",
		"revenue" : 71625195,
		"runtime" : 123,
		"movie_status" : "Released",
		"vote_average" : 6.7,
		"vote_count" : 110
	},
	{
		"movie_key" : 150202,
		"company_id" : 12026,
		"title" : "The Haunting in Connecticut 2: Ghosts of Georgia",
		"budget" : 0,
		"popularity" : 11.708343,
		"release_date" : "2013-02-01",
		"revenue" : 0,
		"runtime" : 101,
		"movie_status" : "Released",
		"vote_average" : 5.6,
		"vote_count" : 175
	},
	{
		"movie_key" : 157293,
		"company_id" : 2320,
		"title" : "एबीसीडी",
		"budget" : 0,
		"popularity" : 1.294967,
		"release_date" : "2013-02-07",
		"revenue" : 222000,
		"runtime" : 160,
		"movie_status" : "Released",
		"vote_average" : 5.6,
		"vote_count" : 10
	},
	{
		"movie_key" : 158752,
		"company_id" : 48545,
		"title" : "Escape from Tomorrow",
		"budget" : 650,
		"popularity" : 1.352222,
		"release_date" : "2013-10-11",
		"revenue" : 0,
		"runtime" : 90,
		"movie_status" : "Released",
		"vote_average" : 4.8,
		"vote_count" : 87
	},
	{
		"movie_key" : 159014,
		"company_id" : 58637,
		"title" : "20 Feet from Stardom",
		"budget" : 1000000,
		"popularity" : 5.247956,
		"release_date" : "2013-06-14",
		"revenue" : 0,
		"runtime" : 89,
		"movie_status" : "Released",
		"vote_average" : 7.4,
		"vote_count" : 85
	},
	{
		"movie_key" : 160588,
		"company_id" : 12966,
		"title" : "Blue Jasmine",
		"budget" : 18000000,
		"popularity" : 34.694216,
		"release_date" : "2013-07-25",
		"revenue" : 99206215,
		"runtime" : 98,
		"movie_status" : "Released",
		"vote_average" : 7,
		"vote_count" : 1098
	},
	{
		"movie_key" : 164372,
		"company_id" : 1038,
		"title" : "Снежная королева",
		"budget" : 7000000,
		"popularity" : 5.33861,
		"release_date" : "2012-10-11",
		"revenue" : 12400000,
		"runtime" : 76,
		"movie_status" : "Released",
		"vote_average" : 5.1,
		"vote_count" : 47
	},
	{
		"movie_key" : 165864,
		"company_id" : 11391,
		"title" : "Hansel and Gretel Get Baked",
		"budget" : 4500000,
		"popularity" : 2.503612,
		"release_date" : "2013-02-19",
		"revenue" : 0,
		"runtime" : 86,
		"movie_status" : "Released",
		"vote_average" : 4.8,
		"vote_count" : 67
	},
	{
		"movie_key" : 168705,
		"company_id" : 15127,
		"title" : "BloodRayne",
		"budget" : 25000000,
		"popularity" : 7.008216,
		"release_date" : "2005-10-22",
		"revenue" : 2405420,
		"runtime" : 95,
		"movie_status" : "Released",
		"vote_average" : 3.5,
		"vote_count" : 118
	},
	{
		"movie_key" : 170687,
		"company_id" : 11537,
		"title" : "The Boxtrolls",
		"budget" : 60000000,
		"popularity" : 30.656345,
		"release_date" : "2014-09-10",
		"revenue" : 108255770,
		"runtime" : 97,
		"movie_status" : "Released",
		"vote_average" : 6.6,
		"vote_count" : 668
	},
	{
		"movie_key" : 171759,
		"company_id" : 72408,
		"title" : "The Lost Medallion: The Adventures of Billy Stone",
		"budget" : 0,
		"popularity" : 2.952932,
		"release_date" : "2013-03-01",
		"revenue" : 0,
		"runtime" : 97,
		"movie_status" : "Released",
		"vote_average" : 5.6,
		"vote_count" : 13
	},
	{
		"movie_key" : 172391,
		"company_id" : 33805,
		"title" : "Khumba",
		"budget" : 20000000,
		"popularity" : 6.459787,
		"release_date" : "2013-07-18",
		"revenue" : 27187375,
		"runtime" : 85,
		"movie_status" : "Released",
		"vote_average" : 5.8,
		"vote_count" : 72
	},
	{
		"movie_key" : 172533,
		"company_id" : 18346,
		"title" : "Drinking Buddies",
		"budget" : 0,
		"popularity" : 17.378455,
		"release_date" : "2013-08-23",
		"revenue" : 343341,
		"runtime" : 90,
		"movie_status" : "Released",
		"vote_average" : 6,
		"vote_count" : 356
	},
	{
		"movie_key" : 173224,
		"company_id" : 65815,
		"title" : "Along the Roadside",
		"budget" : 250,
		"popularity" : 0.166655,
		"release_date" : "2013-02-28",
		"revenue" : 0,
		"runtime" : 118,
		"movie_status" : "Released",
		"vote_average" : 7.7,
		"vote_count" : 3
	},
	{
		"movie_key" : 175528,
		"company_id" : 31835,
		"title" : "Baggage Claim",
		"budget" : 8500000,
		"popularity" : 11.436405,
		"release_date" : "2013-09-27",
		"revenue" : 22456509,
		"runtime" : 96,
		"movie_status" : "Released",
		"vote_average" : 5.6,
		"vote_count" : 85
	},
	{
		"movie_key" : 175555,
		"company_id" : 6644,
		"title" : "A Madea Christmas",
		"budget" : 0,
		"popularity" : 5.377155,
		"release_date" : "2013-12-13",
		"revenue" : 0,
		"runtime" : 100,
		"movie_status" : "Released",
		"vote_average" : 7,
		"vote_count" : 35
	},
	{
		"movie_key" : 178862,
		"company_id" : 20757,
		"title" : "Aroused",
		"budget" : 0,
		"popularity" : 2.557258,
		"release_date" : "2013-02-20",
		"revenue" : 0,
		"runtime" : 73,
		"movie_status" : "Released",
		"vote_average" : 7.2,
		"vote_count" : 11
	},
	{
		"movie_key" : 180296,
		"company_id" : 1632,
		"title" : "They Came Together",
		"budget" : 0,
		"popularity" : 12.036888,
		"release_date" : "2014-06-27",
		"revenue" : 0,
		"runtime" : 84,
		"movie_status" : "Released",
		"vote_average" : 5.3,
		"vote_count" : 171
	},
	{
		"movie_key" : 180383,
		"company_id" : 39134,
		"title" : "Deceptive Practice: The Mysteries and Mentors of Ricky Jay",
		"budget" : 500000,
		"popularity" : 0.425195,
		"release_date" : "2012-10-04",
		"revenue" : 0,
		"runtime" : 88,
		"movie_status" : "Released",
		"vote_average" : 7.1,
		"vote_count" : 17
	},
	{
		"movie_key" : 181330,
		"company_id" : 40268,
		"title" : "Kevin Hart: Let Me Explain",
		"budget" : 0,
		"popularity" : 9.799357,
		"release_date" : "2013-07-03",
		"revenue" : 32230907,
		"runtime" : 74,
		"movie_status" : "Released",
		"vote_average" : 7.1,
		"vote_count" : 95
	},
	{
		"movie_key" : 182291,
		"company_id" : 26677,
		"title" : "On The Downlow",
		"budget" : 0,
		"popularity" : 0.029757,
		"release_date" : "2004-04-11",
		"revenue" : 0,
		"runtime" : 90,
		"movie_status" : "Released",
		"vote_average" : 6,
		"vote_count" : 2
	},
	{
		"movie_key" : 182873,
		"company_id" : 13161,
		"title" : "Green Street Hooligans: Underground",
		"budget" : 0,
		"popularity" : 5.0005,
		"release_date" : "2013-01-01",
		"revenue" : 0,
		"runtime" : 90,
		"movie_status" : "Released",
		"vote_average" : 5.4,
		"vote_count" : 33
	},
	{
		"movie_key" : 184098,
		"company_id" : 49968,
		"title" : "Think Like a Man Too",
		"budget" : 24000000,
		"popularity" : 15.237142,
		"release_date" : "2014-06-20",
		"revenue" : 70181428,
		"runtime" : 105,
		"movie_status" : "Released",
		"vote_average" : 6.4,
		"vote_count" : 225
	},
	{
		"movie_key" : 185008,
		"company_id" : 19146,
		"title" : "Yeh Jawaani Hai Deewani",
		"budget" : 7700000,
		"popularity" : 3.353176,
		"release_date" : "2013-05-31",
		"revenue" : 46000000,
		"runtime" : 159,
		"movie_status" : "Released",
		"vote_average" : 7.2,
		"vote_count" : 79
	},
	{
		"movie_key" : 188207,
		"company_id" : 10254,
		"title" : "The Legend of Hercules",
		"budget" : 70000000,
		"popularity" : 25.020428,
		"release_date" : "2014-01-10",
		"revenue" : 61279452,
		"runtime" : 99,
		"movie_status" : "Released",
		"vote_average" : 4.4,
		"vote_count" : 533
	},
	{
		"movie_key" : 191714,
		"company_id" : 2320,
		"title" : "Dabba",
		"budget" : 1000000,
		"popularity" : 14.017809,
		"release_date" : "2013-09-19",
		"revenue" : 4235151,
		"runtime" : 104,
		"movie_status" : "Released",
		"vote_average" : 7.3,
		"vote_count" : 221
	},
	{
		"movie_key" : 192132,
		"company_id" : 20670,
		"title" : "Palo Alto",
		"budget" : 0,
		"popularity" : 16.570708,
		"release_date" : "2014-05-09",
		"revenue" : 0,
		"runtime" : 100,
		"movie_status" : "Released",
		"vote_average" : 6.4,
		"vote_count" : 348
	},
	{
		"movie_key" : 192577,
		"company_id" : 3116,
		"title" : "キャプテンハーロック",
		"budget" : 30000000,
		"popularity" : 14.726338,
		"release_date" : "2013-09-07",
		"revenue" : 17137302,
		"runtime" : 115,
		"movie_status" : "Released",
		"vote_average" : 6.5,
		"vote_count" : 356
	},
	{
		"movie_key" : 198185,
		"company_id" : 2,
		"title" : "Million Dollar Arm",
		"budget" : 25000000,
		"popularity" : 17.312433,
		"release_date" : "2014-05-09",
		"revenue" : 38307627,
		"runtime" : 124,
		"movie_status" : "Released",
		"vote_average" : 6.6,
		"vote_count" : 259
	},
	{
		"movie_key" : 199933,
		"company_id" : 67480,
		"title" : "Atlas Shrugged Part III: Who is John Galt?",
		"budget" : 5000000,
		"popularity" : 1.731035,
		"release_date" : "2014-09-12",
		"revenue" : 846704,
		"runtime" : 99,
		"movie_status" : "Released",
		"vote_average" : 3.9,
		"vote_count" : 15
	},
	{
		"movie_key" : 201132,
		"company_id" : 49386,
		"title" : "Antarctica: A Year on Ice",
		"budget" : 1000000,
		"popularity" : 1.883947,
		"release_date" : "2013-09-05",
		"revenue" : 0,
		"runtime" : 92,
		"movie_status" : "Released",
		"vote_average" : 7.2,
		"vote_count" : 29
	},
	{
		"movie_key" : 205126,
		"company_id" : 62511,
		"title" : "Independence Daysaster",
		"budget" : 1800000,
		"popularity" : 1.959405,
		"release_date" : "2013-06-27",
		"revenue" : 0,
		"runtime" : 86,
		"movie_status" : "Released",
		"vote_average" : 4.2,
		"vote_count" : 22
	},
	{
		"movie_key" : 208869,
		"company_id" : 7353,
		"title" : "Plastic",
		"budget" : 10,
		"popularity" : 9.70276,
		"release_date" : "2014-04-30",
		"revenue" : 0,
		"runtime" : 102,
		"movie_status" : "Released",
		"vote_average" : 6.1,
		"vote_count" : 86
	},
	{
		"movie_key" : 209263,
		"company_id" : 43,
		"title" : "Enough Said",
		"budget" : 0,
		"popularity" : 14.969093,
		"release_date" : "2013-09-18",
		"revenue" : 25288872,
		"runtime" : 93,
		"movie_status" : "Released",
		"vote_average" : 6.6,
		"vote_count" : 348
	},
	{
		"movie_key" : 209451,
		"company_id" : 6194,
		"title" : "Jersey Boys",
		"budget" : 40000000,
		"popularity" : 14.199933,
		"release_date" : "2014-06-05",
		"revenue" : 67347013,
		"runtime" : 134,
		"movie_status" : "Released",
		"vote_average" : 6.8,
		"vote_count" : 255
	},
	{
		"movie_key" : 211086,
		"company_id" : 52630,
		"title" : "Faith Connections",
		"budget" : 550000,
		"popularity" : 0.48088,
		"release_date" : "2013-11-21",
		"revenue" : 0,
		"runtime" : 115,
		"movie_status" : "Released",
		"vote_average" : 4.2,
		"vote_count" : 3
	},
	{
		"movie_key" : 211557,
		"company_id" : 58154,
		"title" : "Vessel",
		"budget" : 0,
		"popularity" : 0.322553,
		"release_date" : "2012-10-28",
		"revenue" : 0,
		"runtime" : 14,
		"movie_status" : "Released",
		"vote_average" : 5.9,
		"vote_count" : 8
	},
	{
		"movie_key" : 215924,
		"company_id" : 16496,
		"title" : "Los insólitos peces gato",
		"budget" : 1300000,
		"popularity" : 1.473405,
		"release_date" : "2013-08-10",
		"revenue" : 0,
		"runtime" : 87,
		"movie_status" : "Released",
		"vote_average" : 5.7,
		"vote_count" : 17
	},
	{
		"movie_key" : 218043,
		"company_id" : 16558,
		"title" : "Left Behind",
		"budget" : 16000000,
		"popularity" : 33.452469,
		"release_date" : "2014-10-03",
		"revenue" : 19682924,
		"runtime" : 110,
		"movie_status" : "Released",
		"vote_average" : 3.7,
		"vote_count" : 392
	},
	{
		"movie_key" : 218500,
		"company_id" : 32189,
		"title" : "The Ballad of Gregorio Cortez",
		"budget" : 0,
		"popularity" : 0.592821,
		"release_date" : "1983-08-19",
		"revenue" : 0,
		"runtime" : 104,
		"movie_status" : "Released",
		"vote_average" : 0,
		"vote_count" : 0
	},
	{
		"movie_key" : 220488,
		"company_id" : 8250,
		"title" : "非常幸运",
		"budget" : 0,
		"popularity" : 1.86453,
		"release_date" : "2013-09-17",
		"revenue" : 0,
		"runtime" : 114,
		"movie_status" : "Released",
		"vote_average" : 4.3,
		"vote_count" : 8
	},
	{
		"movie_key" : 222250,
		"company_id" : 41683,
		"title" : "A True Story",
		"budget" : 0,
		"popularity" : 0.970351,
		"release_date" : "2013-09-20",
		"revenue" : 0,
		"runtime" : 96,
		"movie_status" : "Released",
		"vote_average" : 6.8,
		"vote_count" : 2
	},
	{
		"movie_key" : 224569,
		"company_id" : 17048,
		"title" : "Taxman",
		"budget" : 0,
		"popularity" : 0.964802,
		"release_date" : "1999-09-16",
		"revenue" : 0,
		"runtime" : 104,
		"movie_status" : "Released",
		"vote_average" : 2,
		"vote_count" : 1
	},
	{
		"movie_key" : 225235,
		"company_id" : 19124,
		"title" : "Географ глобус пропил",
		"budget" : 0,
		"popularity" : 1.876621,
		"release_date" : "2013-07-26",
		"revenue" : 4037782,
		"runtime" : 120,
		"movie_status" : "Released",
		"vote_average" : 7.3,
		"vote_count" : 23
	},
	{
		"movie_key" : 225565,
		"company_id" : 14580,
		"title" : "That Awkward Moment",
		"budget" : 8000000,
		"popularity" : 37.821106,
		"release_date" : "2014-01-29",
		"revenue" : 26049082,
		"runtime" : 94,
		"movie_status" : "Released",
		"vote_average" : 6.1,
		"vote_count" : 1004
	},
	{
		"movie_key" : 230266,
		"company_id" : 2009,
		"title" : "Miss Julie",
		"budget" : 5500000,
		"popularity" : 5.033065,
		"release_date" : "2014-09-07",
		"revenue" : 5000000,
		"runtime" : 120,
		"movie_status" : "Released",
		"vote_average" : 5.9,
		"vote_count" : 45
	},
	{
		"movie_key" : 239571,
		"company_id" : 7295,
		"title" : "The Best of Me",
		"budget" : 26000000,
		"popularity" : 33.93914,
		"release_date" : "2014-10-16",
		"revenue" : 35926213,
		"runtime" : 117,
		"movie_status" : "Released",
		"vote_average" : 7.2,
		"vote_count" : 765
	},
	{
		"movie_key" : 244534,
		"company_id" : 29652,
		"title" : "Happy Christmas",
		"budget" : 0,
		"popularity" : 7.052422,
		"release_date" : "2014-06-26",
		"revenue" : 0,
		"runtime" : 82,
		"movie_status" : "Released",
		"vote_average" : 5.2,
		"vote_count" : 58
	},
	{
		"movie_key" : 244783,
		"company_id" : 9015,
		"title" : "Song One",
		"budget" : 6000000,
		"popularity" : 6.349218,
		"release_date" : "2014-01-20",
		"revenue" : 32251,
		"runtime" : 86,
		"movie_status" : "Released",
		"vote_average" : 5.5,
		"vote_count" : 87
	},
	{
		"movie_key" : 245846,
		"company_id" : 9015,
		"title" : "Strangerland",
		"budget" : 10000000,
		"popularity" : 5.145655,
		"release_date" : "2015-07-01",
		"revenue" : 17472,
		"runtime" : 111,
		"movie_status" : "Released",
		"vote_average" : 5.1,
		"vote_count" : 83
	},
	{
		"movie_key" : 246449,
		"company_id" : 26343,
		"title" : "Against the Wild",
		"budget" : 1493619,
		"popularity" : 2.492747,
		"release_date" : "2013-12-29",
		"revenue" : 0,
		"runtime" : 90,
		"movie_status" : "Released",
		"vote_average" : 4.9,
		"vote_count" : 19
	},
	{
		"movie_key" : 251979,
		"company_id" : 28024,
		"title" : "The Perfect Wave",
		"budget" : 0,
		"popularity" : 4.118612,
		"release_date" : "2014-02-28",
		"revenue" : 0,
		"runtime" : 113,
		"movie_status" : "Released",
		"vote_average" : 4.4,
		"vote_count" : 21
	},
	{
		"movie_key" : 253306,
		"company_id" : 35852,
		"title" : "Housebound",
		"budget" : 0,
		"popularity" : 10.322858,
		"release_date" : "2014-09-04",
		"revenue" : 0,
		"runtime" : 109,
		"movie_status" : "Released",
		"vote_average" : 6.5,
		"vote_count" : 358
	},
	{
		"movie_key" : 253331,
		"company_id" : 14580,
		"title" : "Black or White",
		"budget" : 9000000,
		"popularity" : 12.172131,
		"release_date" : "2014-09-06",
		"revenue" : 21571189,
		"runtime" : 121,
		"movie_status" : "Released",
		"vote_average" : 6.5,
		"vote_count" : 115
	},
	{
		"movie_key" : 256040,
		"company_id" : 57946,
		"title" : "Baahubali: The Beginning",
		"budget" : 40000000,
		"popularity" : 16.254032,
		"release_date" : "2015-07-10",
		"revenue" : 100000000,
		"runtime" : 159,
		"movie_status" : "Released",
		"vote_average" : 7.5,
		"vote_count" : 135
	},
	{
		"movie_key" : 257087,
		"company_id" : 3172,
		"title" : "The Veil",
		"budget" : 4000000,
		"popularity" : 12.822534,
		"release_date" : "2016-04-21",
		"revenue" : 0,
		"runtime" : 93,
		"movie_status" : "Released",
		"vote_average" : 4.5,
		"vote_count" : 118
	},
	{
		"movie_key" : 257932,
		"company_id" : 60714,
		"title" : "Dragon Nest: Warriors' Dawn",
		"budget" : 40000000,
		"popularity" : 5.057695,
		"release_date" : "2014-05-20",
		"revenue" : 0,
		"runtime" : 88,
		"movie_status" : "Released",
		"vote_average" : 6.8,
		"vote_count" : 19
	},
	{
		"movie_key" : 259943,
		"company_id" : 20966,
		"title" : "归来",
		"budget" : 0,
		"popularity" : 6.017273,
		"release_date" : "2014-05-16",
		"revenue" : 0,
		"runtime" : 111,
		"movie_status" : "Released",
		"vote_average" : 6.9,
		"vote_count" : 49
	},
	{
		"movie_key" : 260947,
		"company_id" : 21110,
		"title" : "Something Wicked",
		"budget" : 3000000,
		"popularity" : 1.968679,
		"release_date" : "2014-04-04",
		"revenue" : 0,
		"runtime" : 95,
		"movie_status" : "Released",
		"vote_average" : 4.6,
		"vote_count" : 16
	},
	{
		"movie_key" : 266034,
		"company_id" : 3061,
		"title" : "La chambre bleue",
		"budget" : 0,
		"popularity" : 2.486992,
		"release_date" : "2014-05-16",
		"revenue" : 0,
		"runtime" : 75,
		"movie_status" : "Released",
		"vote_average" : 6.2,
		"vote_count" : 32
	},
	{
		"movie_key" : 266856,
		"company_id" : 10163,
		"title" : "The Theory of Everything",
		"budget" : 15000000,
		"popularity" : 61.182331,
		"release_date" : "2014-11-26",
		"revenue" : 123726688,
		"runtime" : 123,
		"movie_status" : "Released",
		"vote_average" : 7.8,
		"vote_count" : 3311
	},
	{
		"movie_key" : 270554,
		"company_id" : 27271,
		"title" : "Echo Dr.",
		"budget" : 0,
		"popularity" : 0.053755,
		"release_date" : "2013-11-08",
		"revenue" : 0,
		"runtime" : 85,
		"movie_status" : "Released",
		"vote_average" : 5,
		"vote_count" : 1
	},
	{
		"movie_key" : 270938,
		"company_id" : 39075,
		"title" : "Falcon Rising",
		"budget" : 0,
		"popularity" : 6.988357,
		"release_date" : "2014-09-05",
		"revenue" : 0,
		"runtime" : 103,
		"movie_status" : "Released",
		"vote_average" : 5.5,
		"vote_count" : 71
	},
	{
		"movie_key" : 270946,
		"company_id" : 521,
		"title" : "Penguins of Madagascar",
		"budget" : 132000000,
		"popularity" : 84.366984,
		"release_date" : "2014-11-22",
		"revenue" : 373552094,
		"runtime" : 92,
		"movie_status" : "Released",
		"vote_average" : 6.5,
		"vote_count" : 1346
	},
	{
		"movie_key" : 272724,
		"company_id" : 4881,
		"title" : "Doc Holliday's Revenge",
		"budget" : 1000000,
		"popularity" : 0.4594,
		"release_date" : "2014-06-01",
		"revenue" : 0,
		"runtime" : 84,
		"movie_status" : "Released",
		"vote_average" : 3.2,
		"vote_count" : 3
	},
	{
		"movie_key" : 277519,
		"company_id" : 6950,
		"title" : "Z 風暴",
		"budget" : 0,
		"popularity" : 0.542814,
		"release_date" : "2014-06-19",
		"revenue" : 0,
		"runtime" : 92,
		"movie_status" : "Released",
		"vote_average" : 5.8,
		"vote_count" : 5
	},
	{
		"movie_key" : 278316,
		"company_id" : 4319,
		"title" : "Da Sweet Blood of Jesus",
		"budget" : 0,
		"popularity" : 4.480579,
		"release_date" : "2014-06-22",
		"revenue" : 0,
		"runtime" : 123,
		"movie_status" : "Released",
		"vote_average" : 4.1,
		"vote_count" : 13
	},
	{
		"movie_key" : 280092,
		"company_id" : 34,
		"title" : "Insidious: Chapter 3",
		"budget" : 10000000,
		"popularity" : 45.946524,
		"release_date" : "2015-06-04",
		"revenue" : 104303851,
		"runtime" : 97,
		"movie_status" : "Released",
		"vote_average" : 6.2,
		"vote_count" : 983
	},
	{
		"movie_key" : 280381,
		"company_id" : 26679,
		"title" : "House at the End of the Drive",
		"budget" : 0,
		"popularity" : 0.43049,
		"release_date" : "2014-01-11",
		"revenue" : 0,
		"runtime" : 91,
		"movie_status" : "Released",
		"vote_average" : 0,
		"vote_count" : 0
	},
	{
		"movie_key" : 280871,
		"company_id" : 82667,
		"title" : "ராமானுஜன்",
		"budget" : 0,
		"popularity" : 0.416179,
		"release_date" : "2014-07-11",
		"revenue" : 0,
		"runtime" : 170,
		"movie_status" : "Released",
		"vote_average" : 5,
		"vote_count" : 3
	},
	{
		"movie_key" : 286565,
		"company_id" : 711,
		"title" : "Paper Towns",
		"budget" : 12000000,
		"popularity" : 64.610671,
		"release_date" : "2015-06-18",
		"revenue" : 85512300,
		"runtime" : 109,
		"movie_status" : "Released",
		"vote_average" : 6.1,
		"vote_count" : 1937
	},
	{
		"movie_key" : 287948,
		"company_id" : 6896,
		"title" : "The Transporter Refueled",
		"budget" : 25000000,
		"popularity" : 25.002715,
		"release_date" : "2015-09-03",
		"revenue" : 72629670,
		"runtime" : 96,
		"movie_status" : "Released",
		"vote_average" : 5.2,
		"vote_count" : 559
	},
	{
		"movie_key" : 288980,
		"company_id" : 52859,
		"title" : "Freedom",
		"budget" : 14500000,
		"popularity" : 4.389363,
		"release_date" : "2014-08-21",
		"revenue" : 0,
		"runtime" : 98,
		"movie_status" : "Released",
		"vote_average" : 5.8,
		"vote_count" : 9
	},
	{
		"movie_key" : 290370,
		"company_id" : 12467,
		"title" : "Mutant World",
		"budget" : 0,
		"popularity" : 1.893697,
		"release_date" : "2014-09-27",
		"revenue" : 1500000,
		"runtime" : 85,
		"movie_status" : "Released",
		"vote_average" : 2.6,
		"vote_count" : 9
	},
	{
		"movie_key" : 291270,
		"company_id" : 32542,
		"title" : "Anomalisa",
		"budget" : 8000000,
		"popularity" : 21.024346,
		"release_date" : "2015-12-30",
		"revenue" : 5659286,
		"runtime" : 90,
		"movie_status" : "Released",
		"vote_average" : 7,
		"vote_count" : 459
	},
	{
		"movie_key" : 291362,
		"company_id" : 32558,
		"title" : "Road Hard",
		"budget" : 1500000,
		"popularity" : 0.859014,
		"release_date" : "2015-03-06",
		"revenue" : 0,
		"runtime" : 97,
		"movie_status" : "Released",
		"vote_average" : 6.6,
		"vote_count" : 8
	},
	{
		"movie_key" : 292481,
		"company_id" : 34306,
		"title" : "Henry & Me",
		"budget" : 5000000,
		"popularity" : 0.999655,
		"release_date" : "2014-08-18",
		"revenue" : 0,
		"runtime" : 67,
		"movie_status" : "Released",
		"vote_average" : 3,
		"vote_count" : 3
	},
	{
		"movie_key" : 297621,
		"company_id" : 19850,
		"title" : "There's Always Woodstock",
		"budget" : 0,
		"popularity" : 2.025701,
		"release_date" : "2014-11-14",
		"revenue" : 0,
		"runtime" : 90,
		"movie_status" : "Released",
		"vote_average" : 5.4,
		"vote_count" : 12
	},
	{
		"movie_key" : 299145,
		"company_id" : 21608,
		"title" : "Dawn Patrol",
		"budget" : 0,
		"popularity" : 3.230779,
		"release_date" : "2015-06-05",
		"revenue" : 0,
		"runtime" : 86,
		"movie_status" : "Released",
		"vote_average" : 5,
		"vote_count" : 11
	},
	{
		"movie_key" : 300706,
		"company_id" : 39328,
		"title" : "Let's Kill Ward's Wife",
		"budget" : 5000000,
		"popularity" : 8.496364,
		"release_date" : "2014-12-23",
		"revenue" : 0,
		"runtime" : 81,
		"movie_status" : "Released",
		"vote_average" : 5.5,
		"vote_count" : 76
	},
	{
		"movie_key" : 301351,
		"company_id" : 10163,
		"title" : "We Are Your Friends",
		"budget" : 6000000,
		"popularity" : 28.819424,
		"release_date" : "2015-08-26",
		"revenue" : 11122090,
		"runtime" : 96,
		"movie_status" : "Released",
		"vote_average" : 6.3,
		"vote_count" : 658
	},
	{
		"movie_key" : 302579,
		"company_id" : 38147,
		"title" : "Naturally Native",
		"budget" : 700000,
		"popularity" : 0.578798,
		"release_date" : "1999-10-08",
		"revenue" : 10508,
		"runtime" : 107,
		"movie_status" : "Released",
		"vote_average" : 0,
		"vote_count" : 0
	},
	{
		"movie_key" : 306667,
		"company_id" : 39706,
		"title" : "Horse Camp",
		"budget" : 0,
		"popularity" : 0.172299,
		"release_date" : "2015-01-10",
		"revenue" : 0,
		"runtime" : 108,
		"movie_status" : "Released",
		"vote_average" : 5.5,
		"vote_count" : 2
	},
	{
		"movie_key" : 310706,
		"company_id" : 826,
		"title" : "Black Water Transit",
		"budget" : 0,
		"popularity" : 0.126738,
		"release_date" : "2009-05-13",
		"revenue" : 0,
		"runtime" : 100,
		"movie_status" : "Released",
		"vote_average" : 0,
		"vote_count" : 0
	},
	{
		"movie_key" : 312113,
		"company_id" : 44067,
		"title" : "Black November",
		"budget" : 12500000,
		"popularity" : 1.589693,
		"release_date" : "2012-12-07",
		"revenue" : 0,
		"runtime" : 95,
		"movie_status" : "Released",
		"vote_average" : 6.4,
		"vote_count" : 4
	},
	{
		"movie_key" : 312791,
		"company_id" : 3160,
		"title" : "GirlHouse",
		"budget" : 3150000,
		"popularity" : 8.039223,
		"release_date" : "2014-10-16",
		"revenue" : 0,
		"runtime" : 100,
		"movie_status" : "Released",
		"vote_average" : 5.2,
		"vote_count" : 97
	},
	{
		"movie_key" : 312793,
		"company_id" : 8146,
		"title" : "Walking with the Dead",
		"budget" : 0,
		"popularity" : 1.332804,
		"release_date" : "2015-03-20",
		"revenue" : 0,
		"runtime" : 90,
		"movie_status" : "Released",
		"vote_average" : 4.2,
		"vote_count" : 35
	},
	{
		"movie_key" : 316002,
		"company_id" : 17888,
		"title" : "Accidental Love",
		"budget" : 26000000,
		"popularity" : 5.644844,
		"release_date" : "2015-02-10",
		"revenue" : 0,
		"runtime" : 100,
		"movie_status" : "Released",
		"vote_average" : 3.9,
		"vote_count" : 95
	},
	{
		"movie_key" : 318850,
		"company_id" : 10146,
		"title" : "The Young Messiah",
		"budget" : 18500000,
		"popularity" : 1.884558,
		"release_date" : "2016-03-10",
		"revenue" : 6490401,
		"runtime" : 120,
		"movie_status" : "Released",
		"vote_average" : 6.4,
		"vote_count" : 30
	},
	{
		"movie_key" : 319069,
		"company_id" : 14911,
		"title" : "Censored Voices",
		"budget" : 0,
		"popularity" : 0.59458,
		"release_date" : "2015-01-24",
		"revenue" : 0,
		"runtime" : 84,
		"movie_status" : "Released",
		"vote_average" : 5.1,
		"vote_count" : 8
	},
	{
		"movie_key" : 319910,
		"company_id" : 7294,
		"title" : "Broken Horses",
		"budget" : 0,
		"popularity" : 4.289676,
		"release_date" : "2015-03-15",
		"revenue" : 0,
		"runtime" : 101,
		"movie_status" : "Released",
		"vote_average" : 5,
		"vote_count" : 10
	},
	{
		"movie_key" : 322443,
		"company_id" : 21817,
		"title" : "The Timber",
		"budget" : 0,
		"popularity" : 0.803761,
		"release_date" : "2015-02-27",
		"revenue" : 0,
		"runtime" : 81,
		"movie_status" : "Released",
		"vote_average" : 4.1,
		"vote_count" : 15
	},
	{
		"movie_key" : 323676,
		"company_id" : 33,
		"title" : "The Boss",
		"budget" : 29000000,
		"popularity" : 20.55509,
		"release_date" : "2016-04-07",
		"revenue" : 78636257,
		"runtime" : 91,
		"movie_status" : "Released",
		"vote_average" : 5.5,
		"vote_count" : 431
	},
	{
		"movie_key" : 324352,
		"company_id" : 46102,
		"title" : "Anderson's Cross",
		"budget" : 300000,
		"popularity" : 0.006323,
		"release_date" : "2010-05-20",
		"revenue" : 0,
		"runtime" : 98,
		"movie_status" : "Released",
		"vote_average" : 0,
		"vote_count" : 0
	},
	{
		"movie_key" : 325789,
		"company_id" : 68620,
		"title" : "The Infiltrator",
		"budget" : 25000000,
		"popularity" : 24.672234,
		"release_date" : "2016-07-13",
		"revenue" : 15436808,
		"runtime" : 127,
		"movie_status" : "Released",
		"vote_average" : 6.6,
		"vote_count" : 573
	},
	{
		"movie_key" : 329540,
		"company_id" : 10339,
		"title" : "The Marine 4: Moving Target",
		"budget" : 1950000,
		"popularity" : 3.696123,
		"release_date" : "2015-04-10",
		"revenue" : 0,
		"runtime" : 90,
		"movie_status" : "Released",
		"vote_average" : 5.8,
		"vote_count" : 49
	},
	{
		"movie_key" : 340611,
		"company_id" : 1785,
		"title" : "Indignation",
		"budget" : 0,
		"popularity" : 5.625989,
		"release_date" : "2016-07-29",
		"revenue" : 0,
		"runtime" : 110,
		"movie_status" : "Released",
		"vote_average" : 6.8,
		"vote_count" : 69
	},
	{
		"movie_key" : 340816,
		"company_id" : 69292,
		"title" : "Christmas Eve",
		"budget" : 0,
		"popularity" : 1.985243,
		"release_date" : "2015-12-04",
		"revenue" : 0,
		"runtime" : 95,
		"movie_status" : "Released",
		"vote_average" : 6.1,
		"vote_count" : 24
	},
	{
		"movie_key" : 342502,
		"company_id" : 60490,
		"title" : "AWOL-72",
		"budget" : 3000000,
		"popularity" : 1.141463,
		"release_date" : "2015-08-07",
		"revenue" : 0,
		"runtime" : 79,
		"movie_status" : "Released",
		"vote_average" : 2.8,
		"vote_count" : 10
	},
	{
		"movie_key" : 342521,
		"company_id" : 12,
		"title" : "Keanu",
		"budget" : 15000000,
		"popularity" : 18.268009,
		"release_date" : "2016-04-21",
		"revenue" : 20566327,
		"runtime" : 94,
		"movie_status" : "Released",
		"vote_average" : 6,
		"vote_count" : 421
	},
	{
		"movie_key" : 343409,
		"company_id" : 54946,
		"title" : "Windsor Drive",
		"budget" : 0,
		"popularity" : 0.504251,
		"release_date" : "2015-06-26",
		"revenue" : 0,
		"runtime" : 90,
		"movie_status" : "Released",
		"vote_average" : 2,
		"vote_count" : 1
	},
	{
		"movie_key" : 347126,
		"company_id" : 79986,
		"title" : "God's Not Dead 2",
		"budget" : 5000000,
		"popularity" : 6.96858,
		"release_date" : "2016-04-01",
		"revenue" : 23507567,
		"runtime" : 121,
		"movie_status" : "Released",
		"vote_average" : 5.7,
		"vote_count" : 72
	},
	{
		"movie_key" : 347764,
		"company_id" : 72861,
		"title" : "Goddess of Love",
		"budget" : 0,
		"popularity" : 1.273773,
		"release_date" : "2015-08-31",
		"revenue" : 0,
		"runtime" : 96,
		"movie_status" : "Released",
		"vote_average" : 6.2,
		"vote_count" : 9
	},
	{
		"movie_key" : 347969,
		"company_id" : 2608,
		"title" : "The Ridiculous 6",
		"budget" : 60000000,
		"popularity" : 19.694695,
		"release_date" : "2015-12-11",
		"revenue" : 0,
		"runtime" : 119,
		"movie_status" : "Released",
		"vote_average" : 4.9,
		"vote_count" : 388
	},
	{
		"movie_key" : 351043,
		"company_id" : 61428,
		"title" : "Amnesiac",
		"budget" : 3000000,
		"popularity" : 3.077885,
		"release_date" : "2015-08-14",
		"revenue" : 0,
		"runtime" : 90,
		"movie_status" : "Released",
		"vote_average" : 4.1,
		"vote_count" : 52
	},
	{
		"movie_key" : 351819,
		"company_id" : 16313,
		"title" : "Fifty Shades of Black",
		"budget" : 20000000,
		"popularity" : 14.947588,
		"release_date" : "2016-01-28",
		"revenue" : 21164799,
		"runtime" : 92,
		"movie_status" : "Released",
		"vote_average" : 4.3,
		"vote_count" : 331
	},
	{
		"movie_key" : 354624,
		"company_id" : 72017,
		"title" : "Heroes of Dirt",
		"budget" : 0,
		"popularity" : 0.076647,
		"release_date" : "2015-09-04",
		"revenue" : 0,
		"runtime" : 98,
		"movie_status" : "Released",
		"vote_average" : 0,
		"vote_count" : 0
	},
	{
		"movie_key" : 356483,
		"company_id" : 65834,
		"title" : "Unnatural",
		"budget" : 0,
		"popularity" : 0.687656,
		"release_date" : "2015-10-16",
		"revenue" : 0,
		"runtime" : 89,
		"movie_status" : "Released",
		"vote_average" : 4.3,
		"vote_count" : 12
	},
	{
		"movie_key" : 356987,
		"company_id" : 71702,
		"title" : "Abandoned",
		"budget" : 0,
		"popularity" : 3.068463,
		"release_date" : "2015-08-30",
		"revenue" : 0,
		"runtime" : 82,
		"movie_status" : "Released",
		"vote_average" : 5.8,
		"vote_count" : 27
	},
	{
		"movie_key" : 357834,
		"company_id" : 62451,
		"title" : "The Algerian",
		"budget" : 1,
		"popularity" : 0.025364,
		"release_date" : "2015-08-07",
		"revenue" : 0,
		"runtime" : 99,
		"movie_status" : "Released",
		"vote_average" : 0,
		"vote_count" : 0
	},
	{
		"movie_key" : 360188,
		"company_id" : 11976,
		"title" : "Queen Crab",
		"budget" : 75000,
		"popularity" : 0.140989,
		"release_date" : "2015-09-29",
		"revenue" : 0,
		"runtime" : 90,
		"movie_status" : "Released",
		"vote_average" : 3.3,
		"vote_count" : 3
	},
	{
		"movie_key" : 362105,
		"company_id" : 68467,
		"title" : "R.L. Stine's Monsterville: The Cabinet of Souls",
		"budget" : 4400000,
		"popularity" : 3.898737,
		"release_date" : "2015-09-29",
		"revenue" : 0,
		"runtime" : 85,
		"movie_status" : "Released",
		"vote_average" : 6.9,
		"vote_count" : 35
	},
	{
		"movie_key" : 362765,
		"company_id" : 64898,
		"title" : "The Sound and the Shadow",
		"budget" : 0,
		"popularity" : 0.072359,
		"release_date" : "2014-10-19",
		"revenue" : 0,
		"runtime" : 90,
		"movie_status" : "Released",
		"vote_average" : 0,
		"vote_count" : 0
	},
	{
		"movie_key" : 364083,
		"company_id" : 65589,
		"title" : "Mi America",
		"budget" : 2100000,
		"popularity" : 0.039007,
		"release_date" : "2015-10-16",
		"revenue" : 3330,
		"runtime" : 126,
		"movie_status" : "Released",
		"vote_average" : 0,
		"vote_count" : 0
	},
	{
		"movie_key" : 365052,
		"company_id" : 66152,
		"title" : "The Looking Glass",
		"budget" : 0,
		"popularity" : 0.062979,
		"release_date" : "2015-10-23",
		"revenue" : 0,
		"runtime" : 110,
		"movie_status" : "Released",
		"vote_average" : 7,
		"vote_count" : 1
	},
	{
		"movie_key" : 365222,
		"company_id" : 4054,
		"title" : "葉問3",
		"budget" : 36000000,
		"popularity" : 19.167377,
		"release_date" : "2015-12-19",
		"revenue" : 156844753,
		"runtime" : 105,
		"movie_status" : "Released",
		"vote_average" : 6.5,
		"vote_count" : 379
	},
	{
		"movie_key" : 367961,
		"company_id" : 3451,
		"title" : "Савва. Сердце воина",
		"budget" : 30000000,
		"popularity" : 2.625594,
		"release_date" : "2015-11-12",
		"revenue" : 0,
		"runtime" : 85,
		"movie_status" : "Released",
		"vote_average" : 6.4,
		"vote_count" : 7
	},
	{
		"movie_key" : 370464,
		"company_id" : 4616,
		"title" : "The Masked Saint",
		"budget" : 0,
		"popularity" : 0.909067,
		"release_date" : "2016-01-08",
		"revenue" : 0,
		"runtime" : 111,
		"movie_status" : "Released",
		"vote_average" : 2.9,
		"vote_count" : 7
	},
	{
		"movie_key" : 370662,
		"company_id" : 8796,
		"title" : "Time to Choose",
		"budget" : 3500000,
		"popularity" : 1.618138,
		"release_date" : "2015-09-04",
		"revenue" : 0,
		"runtime" : 100,
		"movie_status" : "Released",
		"vote_average" : 0,
		"vote_count" : 0
	},
	{
		"movie_key" : 370980,
		"company_id" : 45724,
		"title" : "Chiamatemi Francesco - Il Papa della gente",
		"budget" : 15000000,
		"popularity" : 0.738646,
		"release_date" : "2015-12-03",
		"revenue" : 0,
		"runtime" : 0,
		"movie_status" : "Released",
		"vote_average" : 7.3,
		"vote_count" : 12
	},
	{
		"movie_key" : 371690,
		"company_id" : 82624,
		"title" : "Rotor DR1",
		"budget" : 350000,
		"popularity" : 0.249561,
		"release_date" : "2015-10-20",
		"revenue" : 0,
		"runtime" : 98,
		"movie_status" : "Released",
		"vote_average" : 4.7,
		"vote_count" : 3
	},
	{
		"movie_key" : 376010,
		"company_id" : 72018,
		"title" : "Western Religion",
		"budget" : 0,
		"popularity" : 0.58954,
		"release_date" : "2015-10-09",
		"revenue" : 0,
		"runtime" : 106,
		"movie_status" : "Released",
		"vote_average" : 0,
		"vote_count" : 0
	},
	{
		"movie_key" : 378237,
		"company_id" : 72267,
		"title" : "Amidst the Devil's Wings",
		"budget" : 300000,
		"popularity" : 0.018087,
		"release_date" : "2014-12-01",
		"revenue" : 0,
		"runtime" : 90,
		"movie_status" : "Released",
		"vote_average" : 0,
		"vote_count" : 0
	},
	{
		"movie_key" : 379532,
		"company_id" : 39706,
		"title" : "Rodeo Girl",
		"budget" : 0,
		"popularity" : 0.087574,
		"release_date" : "2016-01-05",
		"revenue" : 0,
		"runtime" : 108,
		"movie_status" : "Released",
		"vote_average" : 5.5,
		"vote_count" : 1
	},
	{
		"movie_key" : 381902,
		"company_id" : 9175,
		"title" : "西游记之孙悟空三打白骨精",
		"budget" : 68490000,
		"popularity" : 4.72629,
		"release_date" : "2016-01-22",
		"revenue" : 193677158,
		"runtime" : 120,
		"movie_status" : "Released",
		"vote_average" : 6,
		"vote_count" : 24
	},
	{
		"movie_key" : 385383,
		"company_id" : 74413,
		"title" : "Fight Valley",
		"budget" : 27000000,
		"popularity" : 1.224105,
		"release_date" : "2016-07-22",
		"revenue" : 0,
		"runtime" : 90,
		"movie_status" : "Released",
		"vote_average" : 3.9,
		"vote_count" : 8
	},
	{
		"movie_key" : 402515,
		"company_id" : 44632,
		"title" : "Solitude",
		"budget" : 0,
		"popularity" : 0.018716,
		"release_date" : "2014-10-21",
		"revenue" : 0,
		"runtime" : 89,
		"movie_status" : "Released",
		"vote_average" : 0,
		"vote_count" : 0
	},
	{
		"movie_key" : 407887,
		"company_id" : 3965,
		"title" : "인천상륙작전",
		"budget" : 0,
		"popularity" : 6.116436,
		"release_date" : "2016-07-27",
		"revenue" : 0,
		"runtime" : 110,
		"movie_status" : "Released",
		"vote_average" : 5.8,
		"vote_count" : 29
	},
	{
		"movie_key" : 417859,
		"company_id" : 7,
		"title" : "Puss in Boots",
		"budget" : 130000000,
		"popularity" : 20.678787,
		"release_date" : "2011-10-28",
		"revenue" : 554987477,
		"runtime" : 90,
		"movie_status" : "Released",
		"vote_average" : 6.4,
		"vote_count" : 451
	},
	{
		"movie_key" : 433715,
		"company_id" : 85248,
		"title" : "8 Days",
		"budget" : 0,
		"popularity" : 0.015295,
		"release_date" : "2014-06-15",
		"revenue" : 0,
		"runtime" : 90,
		"movie_status" : "Released",
		"vote_average" : 0,
		"vote_count" : 0
	},
	{
		"movie_key" : 447027,
		"company_id" : 41671,
		"title" : "Running Forever",
		"budget" : 0,
		"popularity" : 0.028756,
		"release_date" : "2015-10-27",
		"revenue" : 0,
		"runtime" : 88,
		"movie_status" : "Released",
		"vote_average" : 0,
		"vote_count" : 0
	},
	{
		"movie_key" : 459488,
		"company_id" : 60343,
		"title" : "To Be Frank, Sinatra at 100",
		"budget" : 2,
		"popularity" : 0.050625,
		"release_date" : "2015-12-12",
		"revenue" : 0,
		"runtime" : 0,
		"movie_status" : "Released",
		"vote_average" : 0,
		"vote_count" : 0
	}
]
