[
	{
		"movie_key" : 12,
		"company_id" : 3,
		"title" : "Finding Nemo",
		"budget" : 94000000,
		"popularity" : 85.688789,
		"release_date" : "2003-05-30",
		"revenue" : 940335536,
		"runtime" : 100,
		"movie_status" : "Released",
		"vote_average" : 7.6,
		"vote_count" : 6122
	},
	{
		"movie_key" : 13,
		"company_id" : 4,
		"title" : "Forrest Gump",
		"budget" : 55000000,
		"popularity" : 138.133331,
		"release_date" : "1994-07-06",
		"revenue" : 677945399,
		"runtime" : 142,
		"movie_status" : "Released",
		"vote_average" : 8.2,
		"vote_count" : 7927
	},
	{
		"movie_key" : 68,
		"company_id" : 10214,
		"title" : "Brazil",
		"budget" : 15000000,
		"popularity" : 41.089863,
		"release_date" : "1985-02-20",
		"revenue" : 0,
		"runtime" : 132,
		"movie_status" : "Released",
		"vote_average" : 7.5,
		"vote_count" : 861
	},
	{
		"movie_key" : 75,
		"company_id" : 8601,
		"title" : "Mars Attacks!",
		"budget" : 70000000,
		"popularity" : 44.090535,
		"release_date" : "1996-12-12",
		"revenue" : 101371017,
		"runtime" : 106,
		"movie_status" : "Released",
		"vote_average" : 6.1,
		"vote_count" : 1509
	},
	{
		"movie_key" : 76,
		"company_id" : 98,
		"title" : "Before Sunrise",
		"budget" : 2500000,
		"popularity" : 23.672571,
		"release_date" : "1995-01-27",
		"revenue" : 5535405,
		"runtime" : 105,
		"movie_status" : "Released",
		"vote_average" : 7.7,
		"vote_count" : 959
	},
	{
		"movie_key" : 83,
		"company_id" : 22376,
		"title" : "Open Water",
		"budget" : 130000,
		"popularity" : 15.611857,
		"release_date" : "2004-08-06",
		"revenue" : 54667954,
		"runtime" : 79,
		"movie_status" : "Released",
		"vote_average" : 5.4,
		"vote_count" : 315
	},
	{
		"movie_key" : 111,
		"company_id" : 33,
		"title" : "Scarface",
		"budget" : 25000000,
		"popularity" : 70.105981,
		"release_date" : "1983-12-08",
		"revenue" : 65884703,
		"runtime" : 170,
		"movie_status" : "Released",
		"vote_average" : 8,
		"vote_count" : 2948
	},
	{
		"movie_key" : 116,
		"company_id" : 7,
		"title" : "Match Point",
		"budget" : 15000000,
		"popularity" : 30.669913,
		"release_date" : "2005-10-26",
		"revenue" : 85306374,
		"runtime" : 124,
		"movie_status" : "Released",
		"vote_average" : 7.3,
		"vote_count" : 1105
	},
	{
		"movie_key" : 117,
		"company_id" : 4,
		"title" : "The Untouchables",
		"budget" : 25000000,
		"popularity" : 38.272889,
		"release_date" : "1987-06-02",
		"revenue" : 76270454,
		"runtime" : 119,
		"movie_status" : "Released",
		"vote_average" : 7.6,
		"vote_count" : 1384
	},
	{
		"movie_key" : 129,
		"company_id" : 10342,
		"title" : "千と千尋の神隠し",
		"budget" : 15000000,
		"popularity" : 118.968562,
		"release_date" : "2001-07-20",
		"revenue" : 274925095,
		"runtime" : 125,
		"movie_status" : "Released",
		"vote_average" : 8.3,
		"vote_count" : 3840
	},
	{
		"movie_key" : 137,
		"company_id" : 5,
		"title" : "Groundhog Day",
		"budget" : 14600000,
		"popularity" : 52.744331,
		"release_date" : "1993-02-11",
		"revenue" : 70906973,
		"runtime" : 101,
		"movie_status" : "Released",
		"vote_average" : 7.4,
		"vote_count" : 2301
	},
	{
		"movie_key" : 152,
		"company_id" : 4,
		"title" : "Star Trek: The Motion Picture",
		"budget" : 35000000,
		"popularity" : 24.616634,
		"release_date" : "1979-12-06",
		"revenue" : 139000000,
		"runtime" : 132,
		"movie_status" : "Released",
		"vote_average" : 6.2,
		"vote_count" : 530
	},
	{
		"movie_key" : 153,
		"company_id" : 70,
		"title" : "Lost in Translation",
		"budget" : 4000000,
		"popularity" : 45.66662,
		"release_date" : "2003-08-31",
		"revenue" : 119723856,
		"runtime" : 102,
		"movie_status" : "Released",
		"vote_average" : 7.3,
		"vote_count" : 1895
	},
	{
		"movie_key" : 154,
		"company_id" : 4,
		"title" : "Star Trek II: The Wrath of Khan",
		"budget" : 12000000,
		"popularity" : 22.434102,
		"release_date" : "1982-06-03",
		"revenue" : 96800000,
		"runtime" : 113,
		"movie_status" : "Released",
		"vote_average" : 7.3,
		"vote_count" : 675
	},
	{
		"movie_key" : 157,
		"company_id" : 4,
		"title" : "Star Trek III: The Search for Spock",
		"budget" : 18000000,
		"popularity" : 15.314027,
		"release_date" : "1984-05-31",
		"revenue" : 87000000,
		"runtime" : 105,
		"movie_status" : "Released",
		"vote_average" : 6.4,
		"vote_count" : 434
	},
	{
		"movie_key" : 162,
		"company_id" : 306,
		"title" : "Edward Scissorhands",
		"budget" : 20000000,
		"popularity" : 47.51363,
		"release_date" : "1990-12-05",
		"revenue" : 53000000,
		"runtime" : 105,
		"movie_status" : "Released",
		"vote_average" : 7.5,
		"vote_count" : 3601
	},
	{
		"movie_key" : 168,
		"company_id" : 4,
		"title" : "Star Trek IV: The Voyage Home",
		"budget" : 24000000,
		"popularity" : 22.258428,
		"release_date" : "1986-11-25",
		"revenue" : 133000000,
		"runtime" : 119,
		"movie_status" : "Released",
		"vote_average" : 6.9,
		"vote_count" : 477
	},
	{
		"movie_key" : 172,
		"company_id" : 4,
		"title" : "Star Trek V: The Final Frontier",
		"budget" : 30000000,
		"popularity" : 19.578249,
		"release_date" : "1989-06-09",
		"revenue" : 70200000,
		"runtime" : 107,
		"movie_status" : "Released",
		"vote_average" : 5.6,
		"vote_count" : 376
	},
	{
		"movie_key" : 173,
		"company_id" : 3166,
		"title" : "20,000 Leagues Under the Sea",
		"budget" : 5000000,
		"popularity" : 9.358197,
		"release_date" : "1954-12-23",
		"revenue" : 28200000,
		"runtime" : 127,
		"movie_status" : "Released",
		"vote_average" : 6.8,
		"vote_count" : 157
	},
	{
		"movie_key" : 174,
		"company_id" : 4,
		"title" : "Star Trek VI: The Undiscovered Country",
		"budget" : 27000000,
		"popularity" : 16.188572,
		"release_date" : "1991-12-05",
		"revenue" : 96900000,
		"runtime" : 113,
		"movie_status" : "Released",
		"vote_average" : 6.7,
		"vote_count" : 413
	},
	{
		"movie_key" : 177,
		"company_id" : 559,
		"title" : "The Fisher King",
		"budget" : 24000000,
		"popularity" : 16.146572,
		"release_date" : "1991-09-09",
		"revenue" : 41895491,
		"runtime" : 137,
		"movie_status" : "Released",
		"vote_average" : 7.2,
		"vote_count" : 341
	},
	{
		"movie_key" : 184,
		"company_id" : 14,
		"title" : "Jackie Brown",
		"budget" : 12000000,
		"popularity" : 40.631671,
		"release_date" : "1997-12-24",
		"revenue" : 39673162,
		"runtime" : 154,
		"movie_status" : "Released",
		"vote_average" : 7.3,
		"vote_count" : 1514
	},
	{
		"movie_key" : 193,
		"company_id" : 4,
		"title" : "Star Trek: Generations",
		"budget" : 38000000,
		"popularity" : 14.779041,
		"release_date" : "1994-11-17",
		"revenue" : 120000000,
		"runtime" : 118,
		"movie_status" : "Released",
		"vote_average" : 6.4,
		"vote_count" : 452
	},
	{
		"movie_key" : 200,
		"company_id" : 4,
		"title" : "Star Trek: Insurrection",
		"budget" : 70000000,
		"popularity" : 19.711951,
		"release_date" : "1998-12-10",
		"revenue" : 118000000,
		"runtime" : 103,
		"movie_status" : "Released",
		"vote_average" : 6.3,
		"vote_count" : 391
	},
	{
		"movie_key" : 201,
		"company_id" : 4,
		"title" : "Star Trek: Nemesis",
		"budget" : 60000000,
		"popularity" : 21.605533,
		"release_date" : "2002-12-13",
		"revenue" : 67312826,
		"runtime" : 117,
		"movie_status" : "Released",
		"vote_average" : 6.1,
		"vote_count" : 479
	},
	{
		"movie_key" : 203,
		"company_id" : 120,
		"title" : "Mean Streets",
		"budget" : 500000,
		"popularity" : 17.002096,
		"release_date" : "1973-10-02",
		"revenue" : 3000000,
		"runtime" : 110,
		"movie_status" : "Released",
		"vote_average" : 7.2,
		"vote_count" : 345
	},
	{
		"movie_key" : 219,
		"company_id" : 49,
		"title" : "Volver",
		"budget" : 12899867,
		"popularity" : 19.747809,
		"release_date" : "2006-03-16",
		"revenue" : 85582407,
		"runtime" : 121,
		"movie_status" : "Released",
		"vote_average" : 7.3,
		"vote_count" : 406
	},
	{
		"movie_key" : 223,
		"company_id" : 1553,
		"title" : "Rebecca",
		"budget" : 1288000,
		"popularity" : 18.426825,
		"release_date" : "1940-04-12",
		"revenue" : 6000000,
		"runtime" : 130,
		"movie_status" : "Released",
		"vote_average" : 7.7,
		"vote_count" : 336
	},
	{
		"movie_key" : 242,
		"company_id" : 4,
		"title" : "The Godfather: Part III",
		"budget" : 54000000,
		"popularity" : 59.194915,
		"release_date" : "1990-12-24",
		"revenue" : 136766062,
		"runtime" : 162,
		"movie_status" : "Released",
		"vote_average" : 7.1,
		"vote_count" : 1546
	},
	{
		"movie_key" : 245,
		"company_id" : 33,
		"title" : "About a Boy",
		"budget" : 27000000,
		"popularity" : 28.227984,
		"release_date" : "2002-04-26",
		"revenue" : 129000000,
		"runtime" : 101,
		"movie_status" : "Released",
		"vote_average" : 6.6,
		"vote_count" : 607
	},
	{
		"movie_key" : 248,
		"company_id" : 1044,
		"title" : "Pocketful of Miracles",
		"budget" : 2900000,
		"popularity" : 3.370225,
		"release_date" : "1961-12-18",
		"revenue" : 5000000,
		"runtime" : 136,
		"movie_status" : "Released",
		"vote_average" : 7.3,
		"vote_count" : 25
	},
	{
		"movie_key" : 251,
		"company_id" : 4,
		"title" : "Ghost",
		"budget" : 22000000,
		"popularity" : 41.967005,
		"release_date" : "1990-07-12",
		"revenue" : 505000000,
		"runtime" : 127,
		"movie_status" : "Released",
		"vote_average" : 6.9,
		"vote_count" : 1339
	},
	{
		"movie_key" : 278,
		"company_id" : 97,
		"title" : "The Shawshank Redemption",
		"budget" : 25000000,
		"popularity" : 136.747729,
		"release_date" : "1994-09-23",
		"revenue" : 28341469,
		"runtime" : 142,
		"movie_status" : "Released",
		"vote_average" : 8.5,
		"vote_count" : 8205
	},
	{
		"movie_key" : 279,
		"company_id" : 6194,
		"title" : "Amadeus",
		"budget" : 18000000,
		"popularity" : 31.82675,
		"release_date" : "1984-10-26",
		"revenue" : 51973029,
		"runtime" : 160,
		"movie_status" : "Released",
		"vote_average" : 7.8,
		"vote_count" : 1076
	},
	{
		"movie_key" : 289,
		"company_id" : 6194,
		"title" : "Casablanca",
		"budget" : 878000,
		"popularity" : 43.729123,
		"release_date" : "1942-11-26",
		"revenue" : 10462500,
		"runtime" : 102,
		"movie_status" : "Released",
		"vote_average" : 7.9,
		"vote_count" : 1422
	},
	{
		"movie_key" : 292,
		"company_id" : 2448,
		"title" : "Dave Chappelle's Block Party",
		"budget" : 3000000,
		"popularity" : 1.697846,
		"release_date" : "2005-09-12",
		"revenue" : 11718595,
		"runtime" : 100,
		"movie_status" : "Released",
		"vote_average" : 6.4,
		"vote_count" : 28
	},
	{
		"movie_key" : 321,
		"company_id" : 4096,
		"title" : "Mambo Italiano",
		"budget" : 4361898,
		"popularity" : 2.080741,
		"release_date" : "2003-06-06",
		"revenue" : 3031801,
		"runtime" : 92,
		"movie_status" : "Released",
		"vote_average" : 5.6,
		"vote_count" : 28
	},
	{
		"movie_key" : 326,
		"company_id" : 12,
		"title" : "Snakes on a Plane",
		"budget" : 33000000,
		"popularity" : 19.642328,
		"release_date" : "2006-08-06",
		"revenue" : 62022014,
		"runtime" : 105,
		"movie_status" : "Released",
		"vote_average" : 5.1,
		"vote_count" : 497
	},
	{
		"movie_key" : 342,
		"company_id" : 161,
		"title" : "Sommersturm",
		"budget" : 2700000,
		"popularity" : 3.120747,
		"release_date" : "2004-09-02",
		"revenue" : 0,
		"runtime" : 98,
		"movie_status" : "Released",
		"vote_average" : 6.7,
		"vote_count" : 59
	},
	{
		"movie_key" : 346,
		"company_id" : 882,
		"title" : "七人の侍",
		"budget" : 2000000,
		"popularity" : 39.756748,
		"release_date" : "1954-04-26",
		"revenue" : 271841,
		"runtime" : 207,
		"movie_status" : "Released",
		"vote_average" : 8.2,
		"vote_count" : 878
	},
	{
		"movie_key" : 400,
		"company_id" : 14,
		"title" : "Things to Do in Denver When You're Dead",
		"budget" : 8000000,
		"popularity" : 6.932221,
		"release_date" : "1995-12-01",
		"revenue" : 529766,
		"runtime" : 116,
		"movie_status" : "Released",
		"vote_average" : 6.7,
		"vote_count" : 85
	},
	{
		"movie_key" : 408,
		"company_id" : 3166,
		"title" : "Snow White and the Seven Dwarfs",
		"budget" : 1488423,
		"popularity" : 80.171283,
		"release_date" : "1937-12-20",
		"revenue" : 184925486,
		"runtime" : 83,
		"movie_status" : "Released",
		"vote_average" : 6.9,
		"vote_count" : 1914
	},
	{
		"movie_key" : 433,
		"company_id" : 3166,
		"title" : "Mary Poppins",
		"budget" : 6000000,
		"popularity" : 59.961523,
		"release_date" : "1964-08-27",
		"revenue" : 102272727,
		"runtime" : 139,
		"movie_status" : "Released",
		"vote_average" : 7.4,
		"vote_count" : 1183
	},
	{
		"movie_key" : 462,
		"company_id" : 216,
		"title" : "Erin Brockovich",
		"budget" : 52000000,
		"popularity" : 30.347332,
		"release_date" : "2000-03-17",
		"revenue" : 256271286,
		"runtime" : 131,
		"movie_status" : "Released",
		"vote_average" : 7.1,
		"vote_count" : 716
	},
	{
		"movie_key" : 468,
		"company_id" : 8,
		"title" : "My Own Private Idaho",
		"budget" : 2500000,
		"popularity" : 10.363642,
		"release_date" : "1991-10-17",
		"revenue" : 0,
		"runtime" : 104,
		"movie_status" : "Released",
		"vote_average" : 7.1,
		"vote_count" : 212
	},
	{
		"movie_key" : 504,
		"company_id" : 28,
		"title" : "Monster",
		"budget" : 8000000,
		"popularity" : 19.683187,
		"release_date" : "2003-11-16",
		"revenue" : 60378584,
		"runtime" : 110,
		"movie_status" : "Released",
		"vote_average" : 7,
		"vote_count" : 485
	},
	{
		"movie_key" : 507,
		"company_id" : 285,
		"title" : "Killing Zoe",
		"budget" : 1500000,
		"popularity" : 5.817519,
		"release_date" : "1993-10-01",
		"revenue" : 418961,
		"runtime" : 96,
		"movie_status" : "Released",
		"vote_average" : 6.1,
		"vote_count" : 111
	},
	{
		"movie_key" : 522,
		"company_id" : 9195,
		"title" : "Ed Wood",
		"budget" : 18000000,
		"popularity" : 24.548633,
		"release_date" : "1994-09-27",
		"revenue" : 5887457,
		"runtime" : 127,
		"movie_status" : "Released",
		"vote_average" : 7.3,
		"vote_count" : 630
	},
	{
		"movie_key" : 525,
		"company_id" : 33,
		"title" : "The Blues Brothers",
		"budget" : 27000000,
		"popularity" : 44.714264,
		"release_date" : "1980-06-17",
		"revenue" : 115229890,
		"runtime" : 133,
		"movie_status" : "Released",
		"vote_average" : 7.5,
		"vote_count" : 1065
	},
	{
		"movie_key" : 535,
		"company_id" : 4,
		"title" : "Flashdance",
		"budget" : 4000000,
		"popularity" : 18.422323,
		"release_date" : "1983-04-14",
		"revenue" : 92921203,
		"runtime" : 95,
		"movie_status" : "Released",
		"vote_average" : 6.1,
		"vote_count" : 302
	},
	{
		"movie_key" : 544,
		"company_id" : 306,
		"title" : "There's Something About Mary",
		"budget" : 23000000,
		"popularity" : 57.110486,
		"release_date" : "1998-07-15",
		"revenue" : 369884651,
		"runtime" : 119,
		"movie_status" : "Released",
		"vote_average" : 6.5,
		"vote_count" : 1590
	},
	{
		"movie_key" : 573,
		"company_id" : 33,
		"title" : "Frenzy",
		"budget" : 3500000,
		"popularity" : 10.219942,
		"release_date" : "1972-05-25",
		"revenue" : 12600000,
		"runtime" : 116,
		"movie_status" : "Released",
		"vote_average" : 7.1,
		"vote_count" : 158
	},
	{
		"movie_key" : 576,
		"company_id" : 4051,
		"title" : "The Wild Bunch",
		"budget" : 6244087,
		"popularity" : 14.970654,
		"release_date" : "1969-06-17",
		"revenue" : 638641,
		"runtime" : 145,
		"movie_status" : "Released",
		"vote_average" : 7.6,
		"vote_count" : 259
	},
	{
		"movie_key" : 579,
		"company_id" : 33,
		"title" : "Jaws 2",
		"budget" : 20000000,
		"popularity" : 19.636044,
		"release_date" : "1978-06-16",
		"revenue" : 187884007,
		"runtime" : 116,
		"movie_status" : "Released",
		"vote_average" : 5.9,
		"vote_count" : 406
	},
	{
		"movie_key" : 580,
		"company_id" : 33,
		"title" : "Jaws: The Revenge",
		"budget" : 23000000,
		"popularity" : 12.777008,
		"release_date" : "1987-07-17",
		"revenue" : 51881013,
		"runtime" : 89,
		"movie_status" : "Released",
		"vote_average" : 3.5,
		"vote_count" : 224
	},
	{
		"movie_key" : 595,
		"company_id" : 33,
		"title" : "To Kill a Mockingbird",
		"budget" : 2000000,
		"popularity" : 22.139842,
		"release_date" : "1962-12-25",
		"revenue" : 13129846,
		"runtime" : 129,
		"movie_status" : "Released",
		"vote_average" : 8,
		"vote_count" : 657
	},
	{
		"movie_key" : 628,
		"company_id" : 360,
		"title" : "Interview with the Vampire",
		"budget" : 60000000,
		"popularity" : 50.163785,
		"release_date" : "1994-11-11",
		"revenue" : 223664608,
		"runtime" : 123,
		"movie_status" : "Released",
		"vote_average" : 7.2,
		"vote_count" : 1516
	},
	{
		"movie_key" : 630,
		"company_id" : 31892,
		"title" : "The Wizard of Oz",
		"budget" : 2777000,
		"popularity" : 67.417542,
		"release_date" : "1939-08-15",
		"revenue" : 33754967,
		"runtime" : 102,
		"movie_status" : "Released",
		"vote_average" : 7.4,
		"vote_count" : 1642
	},
	{
		"movie_key" : 641,
		"company_id" : 2188,
		"title" : "Requiem for a Dream",
		"budget" : 4500000,
		"popularity" : 11.573034,
		"release_date" : "2000-10-27",
		"revenue" : 7390108,
		"runtime" : 102,
		"movie_status" : "Released",
		"vote_average" : 7.9,
		"vote_count" : 2443
	},
	{
		"movie_key" : 650,
		"company_id" : 441,
		"title" : "Boyz n the Hood",
		"budget" : 6500000,
		"popularity" : 17.705671,
		"release_date" : "1991-07-12",
		"revenue" : 57504069,
		"runtime" : 112,
		"movie_status" : "Released",
		"vote_average" : 7.4,
		"vote_count" : 364
	},
	{
		"movie_key" : 667,
		"company_id" : 7576,
		"title" : "You Only Live Twice",
		"budget" : 9500000,
		"popularity" : 28.675891,
		"release_date" : "1967-06-12",
		"revenue" : 111584787,
		"runtime" : 117,
		"movie_status" : "Released",
		"vote_average" : 6.5,
		"vote_count" : 531
	},
	{
		"movie_key" : 692,
		"company_id" : 407,
		"title" : "Pink Flamingos",
		"budget" : 12000,
		"popularity" : 4.553644,
		"release_date" : "1972-03-12",
		"revenue" : 6000000,
		"runtime" : 93,
		"movie_status" : "Released",
		"vote_average" : 6.2,
		"vote_count" : 110
	},
	{
		"movie_key" : 700,
		"company_id" : 7576,
		"title" : "Octopussy",
		"budget" : 27500000,
		"popularity" : 25.633663,
		"release_date" : "1983-06-05",
		"revenue" : 187500000,
		"runtime" : 131,
		"movie_status" : "Released",
		"vote_average" : 6.2,
		"vote_count" : 527
	},
	{
		"movie_key" : 703,
		"company_id" : 60,
		"title" : "Annie Hall",
		"budget" : 4000000,
		"popularity" : 35.892034,
		"release_date" : "1977-04-19",
		"revenue" : 38251425,
		"runtime" : 93,
		"movie_status" : "Released",
		"vote_average" : 7.8,
		"vote_count" : 1010
	},
	{
		"movie_key" : 707,
		"company_id" : 7576,
		"title" : "A View to a Kill",
		"budget" : 30000000,
		"popularity" : 27.230493,
		"release_date" : "1985-05-24",
		"revenue" : 152427960,
		"runtime" : 131,
		"movie_status" : "Released",
		"vote_average" : 6,
		"vote_count" : 506
	},
	{
		"movie_key" : 709,
		"company_id" : 7576,
		"title" : "Licence to Kill",
		"budget" : 32000000,
		"popularity" : 28.22119,
		"release_date" : "1989-07-07",
		"revenue" : 156167015,
		"runtime" : 133,
		"movie_status" : "Released",
		"vote_average" : 5.9,
		"vote_count" : 541
	},
	{
		"movie_key" : 714,
		"company_id" : 7576,
		"title" : "Tomorrow Never Dies",
		"budget" : 110000000,
		"popularity" : 42.887121,
		"release_date" : "1997-12-11",
		"revenue" : 333011068,
		"runtime" : 119,
		"movie_status" : "Released",
		"vote_average" : 6,
		"vote_count" : 925
	},
	{
		"movie_key" : 744,
		"company_id" : 4,
		"title" : "Top Gun",
		"budget" : 15000000,
		"popularity" : 58.900647,
		"release_date" : "1986-05-16",
		"revenue" : 356830601,
		"runtime" : 110,
		"movie_status" : "Released",
		"vote_average" : 6.7,
		"vote_count" : 1698
	},
	{
		"movie_key" : 756,
		"company_id" : 2,
		"title" : "Fantasia",
		"budget" : 2280000,
		"popularity" : 32.875469,
		"release_date" : "1940-11-13",
		"revenue" : 83320000,
		"runtime" : 124,
		"movie_status" : "Released",
		"vote_average" : 7.2,
		"vote_count" : 808
	},
	{
		"movie_key" : 764,
		"company_id" : 467,
		"title" : "The Evil Dead",
		"budget" : 350000,
		"popularity" : 35.037625,
		"release_date" : "1981-10-15",
		"revenue" : 29400000,
		"runtime" : 85,
		"movie_status" : "Released",
		"vote_average" : 7.3,
		"vote_count" : 894
	},
	{
		"movie_key" : 769,
		"company_id" : 8880,
		"title" : "GoodFellas",
		"budget" : 25000000,
		"popularity" : 63.654244,
		"release_date" : "1990-09-12",
		"revenue" : 46836394,
		"runtime" : 145,
		"movie_status" : "Released",
		"vote_average" : 8.2,
		"vote_count" : 3128
	},
	{
		"movie_key" : 812,
		"company_id" : 2,
		"title" : "Aladdin",
		"budget" : 28000000,
		"popularity" : 92.982009,
		"release_date" : "1992-11-25",
		"revenue" : 504050219,
		"runtime" : 90,
		"movie_status" : "Released",
		"vote_average" : 7.4,
		"vote_count" : 3416
	},
	{
		"movie_key" : 813,
		"company_id" : 4,
		"title" : "Airplane!",
		"budget" : 3500000,
		"popularity" : 46.116885,
		"release_date" : "1980-07-02",
		"revenue" : 83453539,
		"runtime" : 88,
		"movie_status" : "Released",
		"vote_average" : 7.1,
		"vote_count" : 1074
	},
	{
		"movie_key" : 841,
		"company_id" : 10308,
		"title" : "Dune",
		"budget" : 40000000,
		"popularity" : 25.876582,
		"release_date" : "1984-12-14",
		"revenue" : 30925690,
		"runtime" : 137,
		"movie_status" : "Released",
		"vote_average" : 6.5,
		"vote_count" : 562
	},
	{
		"movie_key" : 862,
		"company_id" : 3,
		"title" : "Toy Story",
		"budget" : 30000000,
		"popularity" : 73.640445,
		"release_date" : "1995-10-30",
		"revenue" : 373554033,
		"runtime" : 81,
		"movie_status" : "Released",
		"vote_average" : 7.7,
		"vote_count" : 5269
	},
	{
		"movie_key" : 863,
		"company_id" : 3,
		"title" : "Toy Story 2",
		"budget" : 90000000,
		"popularity" : 73.575118,
		"release_date" : "1999-10-30",
		"revenue" : 497366869,
		"runtime" : 92,
		"movie_status" : "Released",
		"vote_average" : 7.3,
		"vote_count" : 3806
	},
	{
		"movie_key" : 864,
		"company_id" : 5888,
		"title" : "Cool Runnings",
		"budget" : 14000000,
		"popularity" : 22.409117,
		"release_date" : "1993-09-30",
		"revenue" : 154864401,
		"runtime" : 98,
		"movie_status" : "Released",
		"vote_average" : 6.8,
		"vote_count" : 491
	},
	{
		"movie_key" : 872,
		"company_id" : 8411,
		"title" : "Singin' in the Rain",
		"budget" : 2540800,
		"popularity" : 36.556954,
		"release_date" : "1952-04-10",
		"revenue" : 7200000,
		"runtime" : 103,
		"movie_status" : "Released",
		"vote_average" : 7.8,
		"vote_count" : 727
	},
	{
		"movie_key" : 881,
		"company_id" : 903,
		"title" : "A Few Good Men",
		"budget" : 40000000,
		"popularity" : 40.379966,
		"release_date" : "1992-12-11",
		"revenue" : 243240178,
		"runtime" : 138,
		"movie_status" : "Released",
		"vote_average" : 7.1,
		"vote_count" : 877
	},
	{
		"movie_key" : 887,
		"company_id" : 28205,
		"title" : "The Best Years of Our Lives",
		"budget" : 2100000,
		"popularity" : 8.38717,
		"release_date" : "1946-12-25",
		"revenue" : 23650000,
		"runtime" : 172,
		"movie_status" : "Released",
		"vote_average" : 7.6,
		"vote_count" : 143
	},
	{
		"movie_key" : 905,
		"company_id" : 4903,
		"title" : "Die Büchse der Pandora",
		"budget" : 0,
		"popularity" : 1.824184,
		"release_date" : "1929-01-30",
		"revenue" : 0,
		"runtime" : 109,
		"movie_status" : "Released",
		"vote_average" : 7.6,
		"vote_count" : 45
	},
	{
		"movie_key" : 907,
		"company_id" : 8411,
		"title" : "Doctor Zhivago",
		"budget" : 11000000,
		"popularity" : 12.854853,
		"release_date" : "1965-12-22",
		"revenue" : 111858363,
		"runtime" : 197,
		"movie_status" : "Released",
		"vote_average" : 7.4,
		"vote_count" : 247
	},
	{
		"movie_key" : 947,
		"company_id" : 11356,
		"title" : "Lawrence of Arabia",
		"budget" : 15000000,
		"popularity" : 41.286336,
		"release_date" : "1962-12-10",
		"revenue" : 69995385,
		"runtime" : 216,
		"movie_status" : "Released",
		"vote_average" : 7.8,
		"vote_count" : 851
	},
	{
		"movie_key" : 987,
		"company_id" : 13,
		"title" : "The Front Page",
		"budget" : 4000000,
		"popularity" : 4.117968,
		"release_date" : "1974-12-01",
		"revenue" : 0,
		"runtime" : 105,
		"movie_status" : "Released",
		"vote_average" : 6.9,
		"vote_count" : 68
	},
	{
		"movie_key" : 1088,
		"company_id" : 654,
		"title" : "Whale Rider",
		"budget" : 8000000,
		"popularity" : 12.439495,
		"release_date" : "2003-01-30",
		"revenue" : 41400000,
		"runtime" : 101,
		"movie_status" : "Released",
		"vote_average" : 7.1,
		"vote_count" : 111
	},
	{
		"movie_key" : 1366,
		"company_id" : 60,
		"title" : "Rocky",
		"budget" : 1000000,
		"popularity" : 72.19808,
		"release_date" : "1976-11-21",
		"revenue" : 117235147,
		"runtime" : 119,
		"movie_status" : "Released",
		"vote_average" : 7.5,
		"vote_count" : 1791
	},
	{
		"movie_key" : 1368,
		"company_id" : 41,
		"title" : "First Blood",
		"budget" : 15000000,
		"popularity" : 63.071046,
		"release_date" : "1982-10-22",
		"revenue" : 125212904,
		"runtime" : 93,
		"movie_status" : "Released",
		"vote_average" : 7.2,
		"vote_count" : 1488
	},
	{
		"movie_key" : 1382,
		"company_id" : 307,
		"title" : "Me and You and Everyone We Know",
		"budget" : 0,
		"popularity" : 9.719094,
		"release_date" : "2005-06-17",
		"revenue" : 0,
		"runtime" : 90,
		"movie_status" : "Released",
		"vote_average" : 7,
		"vote_count" : 107
	},
	{
		"movie_key" : 1415,
		"company_id" : 1420,
		"title" : "Party Monster",
		"budget" : 5000000,
		"popularity" : 4.129165,
		"release_date" : "2003-09-05",
		"revenue" : 742898,
		"runtime" : 98,
		"movie_status" : "Released",
		"vote_average" : 5.9,
		"vote_count" : 58
	},
	{
		"movie_key" : 1424,
		"company_id" : 26468,
		"title" : "November",
		"budget" : 0,
		"popularity" : 5.742359,
		"release_date" : "2004-07-22",
		"revenue" : 0,
		"runtime" : 73,
		"movie_status" : "Released",
		"vote_average" : 4.9,
		"vote_count" : 11
	},
	{
		"movie_key" : 1439,
		"company_id" : 711,
		"title" : "Anna and the King",
		"budget" : 75000000,
		"popularity" : 13.327372,
		"release_date" : "1999-12-16",
		"revenue" : 0,
		"runtime" : 148,
		"movie_status" : "Released",
		"vote_average" : 6.4,
		"vote_count" : 197
	},
	{
		"movie_key" : 1443,
		"company_id" : 70,
		"title" : "The Virgin Suicides",
		"budget" : 6000000,
		"popularity" : 26.218912,
		"release_date" : "1999-04-21",
		"revenue" : 10409377,
		"runtime" : 97,
		"movie_status" : "Released",
		"vote_average" : 7.1,
		"vote_count" : 817
	},
	{
		"movie_key" : 1494,
		"company_id" : 724,
		"title" : "滿城盡帶黃金甲",
		"budget" : 110,
		"popularity" : 9.950505,
		"release_date" : "2006-12-21",
		"revenue" : 0,
		"runtime" : 114,
		"movie_status" : "Released",
		"vote_average" : 6.6,
		"vote_count" : 203
	},
	{
		"movie_key" : 1537,
		"company_id" : 4,
		"title" : "Changing Lanes",
		"budget" : 45000000,
		"popularity" : 17.270539,
		"release_date" : "2002-04-07",
		"revenue" : 94935764,
		"runtime" : 89,
		"movie_status" : "Released",
		"vote_average" : 5.9,
		"vote_count" : 299
	},
	{
		"movie_key" : 1547,
		"company_id" : 6194,
		"title" : "The Lost Boys",
		"budget" : 8500000,
		"popularity" : 24.750909,
		"release_date" : "1987-07-31",
		"revenue" : 32222567,
		"runtime" : 97,
		"movie_status" : "Released",
		"vote_average" : 6.8,
		"vote_count" : 538
	},
	{
		"movie_key" : 1555,
		"company_id" : 732,
		"title" : "L'Auberge espagnole",
		"budget" : 5300000,
		"popularity" : 13.034602,
		"release_date" : "2002-05-17",
		"revenue" : 3897799,
		"runtime" : 122,
		"movie_status" : "Released",
		"vote_average" : 7,
		"vote_count" : 266
	},
	{
		"movie_key" : 1578,
		"company_id" : 60,
		"title" : "Raging Bull",
		"budget" : 18000000,
		"popularity" : 35.524457,
		"release_date" : "1980-11-14",
		"revenue" : 23000000,
		"runtime" : 129,
		"movie_status" : "Released",
		"vote_average" : 7.7,
		"vote_count" : 938
	},
	{
		"movie_key" : 1587,
		"company_id" : 4,
		"title" : "What's Eating Gilbert Grape",
		"budget" : 11000000,
		"popularity" : 33.282794,
		"release_date" : "1993-12-17",
		"revenue" : 30000000,
		"runtime" : 118,
		"movie_status" : "Released",
		"vote_average" : 7.5,
		"vote_count" : 919
	},
	{
		"movie_key" : 1588,
		"company_id" : 919,
		"title" : "Bring It On",
		"budget" : 28000000,
		"popularity" : 14.754281,
		"release_date" : "2000-08-25",
		"revenue" : 90449929,
		"runtime" : 98,
		"movie_status" : "Released",
		"vote_average" : 5.8,
		"vote_count" : 568
	},
	{
		"movie_key" : 1637,
		"company_id" : 306,
		"title" : "Speed",
		"budget" : 30000000,
		"popularity" : 49.526736,
		"release_date" : "1994-06-09",
		"revenue" : 350448145,
		"runtime" : 116,
		"movie_status" : "Released",
		"vote_average" : 6.8,
		"vote_count" : 1783
	},
	{
		"movie_key" : 1642,
		"company_id" : 5,
		"title" : "The Net",
		"budget" : 22000000,
		"popularity" : 23.218144,
		"release_date" : "1995-07-28",
		"revenue" : 110627965,
		"runtime" : 114,
		"movie_status" : "Released",
		"vote_average" : 5.6,
		"vote_count" : 354
	},
	{
		"movie_key" : 1648,
		"company_id" : 41,
		"title" : "Bill & Ted's Excellent Adventure",
		"budget" : 10000000,
		"popularity" : 25.929893,
		"release_date" : "1989-02-17",
		"revenue" : 40485039,
		"runtime" : 90,
		"movie_status" : "Released",
		"vote_average" : 6.7,
		"vote_count" : 454
	},
	{
		"movie_key" : 1698,
		"company_id" : 161,
		"title" : "Anatomie",
		"budget" : 0,
		"popularity" : 5.025938,
		"release_date" : "2000-02-03",
		"revenue" : 0,
		"runtime" : 103,
		"movie_status" : "Released",
		"vote_average" : 6.1,
		"vote_count" : 61
	},
	{
		"movie_key" : 1726,
		"company_id" : 420,
		"title" : "Iron Man",
		"budget" : 140000000,
		"popularity" : 120.725053,
		"release_date" : "2008-04-30",
		"revenue" : 585174222,
		"runtime" : 126,
		"movie_status" : "Released",
		"vote_average" : 7.4,
		"vote_count" : 8776
	},
	{
		"movie_key" : 1771,
		"company_id" : 420,
		"title" : "Captain America: The First Avenger",
		"budget" : 140000000,
		"popularity" : 74.506246,
		"release_date" : "2011-07-22",
		"revenue" : 370569774,
		"runtime" : 124,
		"movie_status" : "Released",
		"vote_average" : 6.6,
		"vote_count" : 7047
	},
	{
		"movie_key" : 1809,
		"company_id" : 770,
		"title" : "The Rules of Attraction",
		"budget" : 4000000,
		"popularity" : 11.387335,
		"release_date" : "2002-10-11",
		"revenue" : 0,
		"runtime" : 110,
		"movie_status" : "Released",
		"vote_average" : 6.3,
		"vote_count" : 168
	},
	{
		"movie_key" : 1817,
		"company_id" : 711,
		"title" : "Phone Booth",
		"budget" : 13000000,
		"popularity" : 38.018085,
		"release_date" : "2002-09-09",
		"revenue" : 97837138,
		"runtime" : 81,
		"movie_status" : "Released",
		"vote_average" : 6.7,
		"vote_count" : 1062
	},
	{
		"movie_key" : 1850,
		"company_id" : 762,
		"title" : "Man on the Moon",
		"budget" : 82000000,
		"popularity" : 24.444186,
		"release_date" : "1999-12-22",
		"revenue" : 47434430,
		"runtime" : 118,
		"movie_status" : "Released",
		"vote_average" : 6.9,
		"vote_count" : 435
	},
	{
		"movie_key" : 1874,
		"company_id" : 773,
		"title" : "Goodbye Bafana",
		"budget" : 30000000,
		"popularity" : 12.257654,
		"release_date" : "2007-02-11",
		"revenue" : 0,
		"runtime" : 140,
		"movie_status" : "Released",
		"vote_average" : 7,
		"vote_count" : 38
	},
	{
		"movie_key" : 1893,
		"company_id" : 1,
		"title" : "Star Wars: Episode I - The Phantom Menace",
		"budget" : 115000000,
		"popularity" : 54.035265,
		"release_date" : "1999-05-19",
		"revenue" : 924317558,
		"runtime" : 136,
		"movie_status" : "Released",
		"vote_average" : 6.3,
		"vote_count" : 4432
	},
	{
		"movie_key" : 1894,
		"company_id" : 1,
		"title" : "Star Wars: Episode II - Attack of the Clones",
		"budget" : 120000000,
		"popularity" : 43.987061,
		"release_date" : "2002-05-15",
		"revenue" : 649398328,
		"runtime" : 142,
		"movie_status" : "Released",
		"vote_average" : 6.4,
		"vote_count" : 3992
	},
	{
		"movie_key" : 1895,
		"company_id" : 1,
		"title" : "Star Wars: Episode III - Revenge of the Sith",
		"budget" : 113000000,
		"popularity" : 44.108427,
		"release_date" : "2005-05-17",
		"revenue" : 850000000,
		"runtime" : 140,
		"movie_status" : "Released",
		"vote_average" : 7.1,
		"vote_count" : 4116
	},
	{
		"movie_key" : 1901,
		"company_id" : 1473,
		"title" : "In Good Company",
		"budget" : 0,
		"popularity" : 15.376391,
		"release_date" : "2004-12-29",
		"revenue" : 0,
		"runtime" : 109,
		"movie_status" : "Released",
		"vote_average" : 5.9,
		"vote_count" : 194
	},
	{
		"movie_key" : 1907,
		"company_id" : 359,
		"title" : "The Beach",
		"budget" : 40000000,
		"popularity" : 41.362082,
		"release_date" : "2000-02-11",
		"revenue" : 144056873,
		"runtime" : 119,
		"movie_status" : "Released",
		"vote_average" : 6.3,
		"vote_count" : 1233
	},
	{
		"movie_key" : 1911,
		"company_id" : 9195,
		"title" : "The 13th Warrior",
		"budget" : 160000000,
		"popularity" : 27.220157,
		"release_date" : "1999-08-27",
		"revenue" : 61698899,
		"runtime" : 102,
		"movie_status" : "Released",
		"vote_average" : 6.4,
		"vote_count" : 510
	},
	{
		"movie_key" : 1931,
		"company_id" : 1309,
		"title" : "Stomp the Yard",
		"budget" : 13000000,
		"popularity" : 6.92205,
		"release_date" : "2007-05-16",
		"revenue" : 75511123,
		"runtime" : 114,
		"movie_status" : "Released",
		"vote_average" : 6.1,
		"vote_count" : 88
	},
	{
		"movie_key" : 1955,
		"company_id" : 5612,
		"title" : "The Elephant Man",
		"budget" : 5000000,
		"popularity" : 30.271066,
		"release_date" : "1980-10-02",
		"revenue" : 26010864,
		"runtime" : 124,
		"movie_status" : "Released",
		"vote_average" : 7.9,
		"vote_count" : 719
	},
	{
		"movie_key" : 1957,
		"company_id" : 8880,
		"title" : "Enough",
		"budget" : 38000000,
		"popularity" : 11.500783,
		"release_date" : "2002-05-24",
		"revenue" : 51801187,
		"runtime" : 114,
		"movie_status" : "Released",
		"vote_average" : 6.2,
		"vote_count" : 264
	},
	{
		"movie_key" : 2057,
		"company_id" : 8411,
		"title" : "Original Sin",
		"budget" : 42000000,
		"popularity" : 14.831402,
		"release_date" : "2001-08-03",
		"revenue" : 35402320,
		"runtime" : 118,
		"movie_status" : "Released",
		"vote_average" : 5.8,
		"vote_count" : 198
	},
	{
		"movie_key" : 2074,
		"company_id" : 14,
		"title" : "Flirting with Disaster",
		"budget" : 7000000,
		"popularity" : 5.500324,
		"release_date" : "1996-03-22",
		"revenue" : 14702438,
		"runtime" : 92,
		"movie_status" : "Released",
		"vote_average" : 6.3,
		"vote_count" : 66
	},
	{
		"movie_key" : 2100,
		"company_id" : 27,
		"title" : "The Last Castle",
		"budget" : 72000000,
		"popularity" : 15.433244,
		"release_date" : "2001-10-19",
		"revenue" : 27642707,
		"runtime" : 131,
		"movie_status" : "Released",
		"vote_average" : 7,
		"vote_count" : 285
	},
	{
		"movie_key" : 2176,
		"company_id" : 333,
		"title" : "The Glass House",
		"budget" : 30000000,
		"popularity" : 9.448517,
		"release_date" : "2001-09-14",
		"revenue" : 23619609,
		"runtime" : 106,
		"movie_status" : "Released",
		"vote_average" : 5.4,
		"vote_count" : 201
	},
	{
		"movie_key" : 2185,
		"company_id" : 9195,
		"title" : "Big Trouble",
		"budget" : 40000000,
		"popularity" : 5.201688,
		"release_date" : "2002-04-05",
		"revenue" : 8493890,
		"runtime" : 85,
		"movie_status" : "Released",
		"vote_average" : 6.3,
		"vote_count" : 80
	},
	{
		"movie_key" : 2288,
		"company_id" : 5,
		"title" : "Closer",
		"budget" : 27000000,
		"popularity" : 22.636908,
		"release_date" : "2004-12-01",
		"revenue" : 115505027,
		"runtime" : 104,
		"movie_status" : "Released",
		"vote_average" : 6.7,
		"vote_count" : 811
	},
	{
		"movie_key" : 2359,
		"company_id" : 308,
		"title" : "Sicko",
		"budget" : 9000000,
		"popularity" : 14.098952,
		"release_date" : "2007-05-18",
		"revenue" : 24538513,
		"runtime" : 123,
		"movie_status" : "Released",
		"vote_average" : 7.3,
		"vote_count" : 235
	},
	{
		"movie_key" : 2370,
		"company_id" : 33,
		"title" : "Topaz",
		"budget" : 4000000,
		"popularity" : 5.975604,
		"release_date" : "1969-12-18",
		"revenue" : 6000000,
		"runtime" : 143,
		"movie_status" : "Released",
		"vote_average" : 6.1,
		"vote_count" : 77
	},
	{
		"movie_key" : 2428,
		"company_id" : 13579,
		"title" : "The Greatest Story Ever Told",
		"budget" : 20000000,
		"popularity" : 3.011205,
		"release_date" : "1965-02-15",
		"revenue" : 15473333,
		"runtime" : 199,
		"movie_status" : "Released",
		"vote_average" : 6.5,
		"vote_count" : 41
	},
	{
		"movie_key" : 2577,
		"company_id" : 288,
		"title" : "Code 46",
		"budget" : 7500000,
		"popularity" : 8.859657,
		"release_date" : "2003-09-02",
		"revenue" : 0,
		"runtime" : 92,
		"movie_status" : "Released",
		"vote_average" : 6.2,
		"vote_count" : 116
	},
	{
		"movie_key" : 2619,
		"company_id" : 9195,
		"title" : "Splash",
		"budget" : 8000000,
		"popularity" : 21.735068,
		"release_date" : "1984-03-09",
		"revenue" : 69821334,
		"runtime" : 111,
		"movie_status" : "Released",
		"vote_average" : 6.1,
		"vote_count" : 321
	},
	{
		"movie_key" : 2637,
		"company_id" : 126,
		"title" : "The Mothman Prophecies",
		"budget" : 32000000,
		"popularity" : 14.733513,
		"release_date" : "2002-01-25",
		"revenue" : 55157539,
		"runtime" : 119,
		"movie_status" : "Released",
		"vote_average" : 6.1,
		"vote_count" : 305
	},
	{
		"movie_key" : 2639,
		"company_id" : 8,
		"title" : "Deconstructing Harry",
		"budget" : 20000000,
		"popularity" : 11.352693,
		"release_date" : "1997-08-26",
		"revenue" : 10686841,
		"runtime" : 96,
		"movie_status" : "Released",
		"vote_average" : 7.3,
		"vote_count" : 187
	},
	{
		"movie_key" : 2652,
		"company_id" : 12355,
		"title" : "Hard Candy",
		"budget" : 950000,
		"popularity" : 25.918007,
		"release_date" : "2005-01-14",
		"revenue" : 7022209,
		"runtime" : 103,
		"movie_status" : "Released",
		"vote_average" : 6.8,
		"vote_count" : 701
	},
	{
		"movie_key" : 2669,
		"company_id" : 10308,
		"title" : "The Bounty",
		"budget" : 25000000,
		"popularity" : 7.436491,
		"release_date" : "1984-05-04",
		"revenue" : 8613462,
		"runtime" : 132,
		"movie_status" : "Released",
		"vote_average" : 6.5,
		"vote_count" : 108
	},
	{
		"movie_key" : 2786,
		"company_id" : 1216,
		"title" : "Pierrot le fou",
		"budget" : 300000,
		"popularity" : 7.791898,
		"release_date" : "1965-08-29",
		"revenue" : 0,
		"runtime" : 110,
		"movie_status" : "Released",
		"vote_average" : 7.6,
		"vote_count" : 127
	},
	{
		"movie_key" : 2787,
		"company_id" : 10201,
		"title" : "Pitch Black",
		"budget" : 23000000,
		"popularity" : 18.493202,
		"release_date" : "2000-02-18",
		"revenue" : 53187659,
		"runtime" : 108,
		"movie_status" : "Released",
		"vote_average" : 6.7,
		"vote_count" : 1789
	},
	{
		"movie_key" : 2830,
		"company_id" : 7405,
		"title" : "My Boss's Daughter",
		"budget" : 14000000,
		"popularity" : 14.813614,
		"release_date" : "2003-08-21",
		"revenue" : 0,
		"runtime" : 83,
		"movie_status" : "Released",
		"vote_average" : 4.4,
		"vote_count" : 180
	},
	{
		"movie_key" : 2895,
		"company_id" : 1257,
		"title" : "The Apostle",
		"budget" : 5000000,
		"popularity" : 4.227807,
		"release_date" : "1997-10-09",
		"revenue" : 0,
		"runtime" : 134,
		"movie_status" : "Released",
		"vote_average" : 6.1,
		"vote_count" : 38
	},
	{
		"movie_key" : 2925,
		"company_id" : 258,
		"title" : "The First Wives Club",
		"budget" : 26000000,
		"popularity" : 10.704596,
		"release_date" : "1996-09-20",
		"revenue" : 116400000,
		"runtime" : 102,
		"movie_status" : "Released",
		"vote_average" : 6.5,
		"vote_count" : 166
	},
	{
		"movie_key" : 2989,
		"company_id" : 8310,
		"title" : "Roar",
		"budget" : 17000000,
		"popularity" : 1.15641,
		"release_date" : "1981-11-12",
		"revenue" : 2000000,
		"runtime" : 102,
		"movie_status" : "Released",
		"vote_average" : 5.6,
		"vote_count" : 19
	},
	{
		"movie_key" : 3060,
		"company_id" : 8411,
		"title" : "The Big Parade",
		"budget" : 245000,
		"popularity" : 0.785744,
		"release_date" : "1925-11-05",
		"revenue" : 22000000,
		"runtime" : 151,
		"movie_status" : "Released",
		"vote_average" : 7,
		"vote_count" : 21
	},
	{
		"movie_key" : 3062,
		"company_id" : 6194,
		"title" : "42nd Street",
		"budget" : 439000,
		"popularity" : 1.933366,
		"release_date" : "1933-02-02",
		"revenue" : 2281000,
		"runtime" : 89,
		"movie_status" : "Released",
		"vote_average" : 6.1,
		"vote_count" : 37
	},
	{
		"movie_key" : 3078,
		"company_id" : 441,
		"title" : "It Happened One Night",
		"budget" : 325000,
		"popularity" : 11.871424,
		"release_date" : "1934-02-22",
		"revenue" : 4500000,
		"runtime" : 105,
		"movie_status" : "Released",
		"vote_average" : 7.7,
		"vote_count" : 275
	},
	{
		"movie_key" : 3080,
		"company_id" : 6,
		"title" : "Top Hat",
		"budget" : 609000,
		"popularity" : 3.898498,
		"release_date" : "1935-09-06",
		"revenue" : 3202000,
		"runtime" : 101,
		"movie_status" : "Released",
		"vote_average" : 7.4,
		"vote_count" : 59
	},
	{
		"movie_key" : 3083,
		"company_id" : 5,
		"title" : "Mr. Smith Goes to Washington",
		"budget" : 1500000,
		"popularity" : 12.2624,
		"release_date" : "1939-10-19",
		"revenue" : 9600000,
		"runtime" : 129,
		"movie_status" : "Released",
		"vote_average" : 7.9,
		"vote_count" : 241
	},
	{
		"movie_key" : 3170,
		"company_id" : 3166,
		"title" : "Bambi",
		"budget" : 858000,
		"popularity" : 47.651878,
		"release_date" : "1942-08-14",
		"revenue" : 267447150,
		"runtime" : 70,
		"movie_status" : "Released",
		"vote_average" : 6.8,
		"vote_count" : 1405
	},
	{
		"movie_key" : 4133,
		"company_id" : 12,
		"title" : "Blow",
		"budget" : 53000000,
		"popularity" : 28.350529,
		"release_date" : "2001-04-04",
		"revenue" : 83282296,
		"runtime" : 124,
		"movie_status" : "Released",
		"vote_average" : 7.4,
		"vote_count" : 1317
	},
	{
		"movie_key" : 4170,
		"company_id" : 620,
		"title" : "Trade",
		"budget" : 12000000,
		"popularity" : 11.237374,
		"release_date" : "2007-01-23",
		"revenue" : 0,
		"runtime" : 120,
		"movie_status" : "Released",
		"vote_average" : 6.8,
		"vote_count" : 67
	},
	{
		"movie_key" : 4174,
		"company_id" : 1553,
		"title" : "Spellbound",
		"budget" : 1500000,
		"popularity" : 11.145915,
		"release_date" : "1945-12-28",
		"revenue" : 7000000,
		"runtime" : 111,
		"movie_status" : "Released",
		"vote_average" : 7.3,
		"vote_count" : 160
	},
	{
		"movie_key" : 4244,
		"company_id" : 2,
		"title" : "The Kid",
		"budget" : 65000000,
		"popularity" : 18.281798,
		"release_date" : "2000-07-07",
		"revenue" : 69700000,
		"runtime" : 104,
		"movie_status" : "Released",
		"vote_average" : 6,
		"vote_count" : 238
	},
	{
		"movie_key" : 4251,
		"company_id" : 1569,
		"title" : "Veer-Zaara",
		"budget" : 7000000,
		"popularity" : 3.721858,
		"release_date" : "2004-11-12",
		"revenue" : 29385320,
		"runtime" : 192,
		"movie_status" : "Released",
		"vote_average" : 7.4,
		"vote_count" : 64
	},
	{
		"movie_key" : 4257,
		"company_id" : 7405,
		"title" : "Scary Movie 4",
		"budget" : 45000000,
		"popularity" : 32.549282,
		"release_date" : "2006-04-13",
		"revenue" : 178262620,
		"runtime" : 83,
		"movie_status" : "Released",
		"vote_average" : 5.3,
		"vote_count" : 750
	},
	{
		"movie_key" : 4258,
		"company_id" : 7405,
		"title" : "Scary Movie 5",
		"budget" : 20000000,
		"popularity" : 36.819044,
		"release_date" : "2013-04-11",
		"revenue" : 78378744,
		"runtime" : 86,
		"movie_status" : "Released",
		"vote_average" : 4.6,
		"vote_count" : 793
	},
	{
		"movie_key" : 4327,
		"company_id" : 5,
		"title" : "Charlie's Angels",
		"budget" : 92000000,
		"popularity" : 40.20395,
		"release_date" : "2000-11-02",
		"revenue" : 264105545,
		"runtime" : 98,
		"movie_status" : "Released",
		"vote_average" : 5.6,
		"vote_count" : 1232
	},
	{
		"movie_key" : 4380,
		"company_id" : 14,
		"title" : "Shall We Dance?",
		"budget" : 50000000,
		"popularity" : 14.231899,
		"release_date" : "2004-10-15",
		"revenue" : 170128460,
		"runtime" : 107,
		"movie_status" : "Released",
		"vote_average" : 5.9,
		"vote_count" : 297
	},
	{
		"movie_key" : 4477,
		"company_id" : 5,
		"title" : "The Devil's Own",
		"budget" : 90000000,
		"popularity" : 15.350451,
		"release_date" : "1997-03-12",
		"revenue" : 140807547,
		"runtime" : 107,
		"movie_status" : "Released",
		"vote_average" : 5.9,
		"vote_count" : 290
	},
	{
		"movie_key" : 4929,
		"company_id" : 60,
		"title" : "Hang 'em High",
		"budget" : 1800000,
		"popularity" : 11.756943,
		"release_date" : "1968-07-31",
		"revenue" : 6800000,
		"runtime" : 114,
		"movie_status" : "Released",
		"vote_average" : 6.7,
		"vote_count" : 192
	},
	{
		"movie_key" : 4960,
		"company_id" : 1785,
		"title" : "Synecdoche, New York",
		"budget" : 21000000,
		"popularity" : 12.761176,
		"release_date" : "2008-10-24",
		"revenue" : 0,
		"runtime" : 124,
		"movie_status" : "Released",
		"vote_average" : 7.4,
		"vote_count" : 278
	},
	{
		"movie_key" : 4997,
		"company_id" : 35,
		"title" : "Wonderland",
		"budget" : 5000000,
		"popularity" : 7.79068,
		"release_date" : "2003-10-23",
		"revenue" : 2466444,
		"runtime" : 104,
		"movie_status" : "Released",
		"vote_average" : 6.2,
		"vote_count" : 73
	},
	{
		"movie_key" : 5126,
		"company_id" : 12,
		"title" : "Martian Child",
		"budget" : 0,
		"popularity" : 5.737161,
		"release_date" : "2007-11-02",
		"revenue" : 0,
		"runtime" : 106,
		"movie_status" : "Released",
		"vote_average" : 6.8,
		"vote_count" : 79
	},
	{
		"movie_key" : 5172,
		"company_id" : 1861,
		"title" : "The Astronaut Farmer",
		"budget" : 13000000,
		"popularity" : 6.764437,
		"release_date" : "2006-10-15",
		"revenue" : 11130889,
		"runtime" : 104,
		"movie_status" : "Released",
		"vote_average" : 6.2,
		"vote_count" : 123
	},
	{
		"movie_key" : 5174,
		"company_id" : 12,
		"title" : "Rush Hour 3",
		"budget" : 140000000,
		"popularity" : 22.57178,
		"release_date" : "2007-08-08",
		"revenue" : 258022233,
		"runtime" : 91,
		"movie_status" : "Released",
		"vote_average" : 6.1,
		"vote_count" : 783
	},
	{
		"movie_key" : 5175,
		"company_id" : 12,
		"title" : "Rush Hour 2",
		"budget" : 90000000,
		"popularity" : 35.814765,
		"release_date" : "2001-08-03",
		"revenue" : 347325802,
		"runtime" : 90,
		"movie_status" : "Released",
		"vote_average" : 6.4,
		"vote_count" : 1054
	},
	{
		"movie_key" : 5178,
		"company_id" : 11672,
		"title" : "The Good Heart",
		"budget" : 3800000,
		"popularity" : 2.201678,
		"release_date" : "2009-09-11",
		"revenue" : 0,
		"runtime" : 95,
		"movie_status" : "Released",
		"vote_average" : 6,
		"vote_count" : 21
	},
	{
		"movie_key" : 5279,
		"company_id" : 987,
		"title" : "Gosford Park",
		"budget" : 19800000,
		"popularity" : 11.693272,
		"release_date" : "2001-11-07",
		"revenue" : 87754044,
		"runtime" : 137,
		"movie_status" : "Released",
		"vote_average" : 6.8,
		"vote_count" : 246
	},
	{
		"movie_key" : 5353,
		"company_id" : 763,
		"title" : "The Hunting Party",
		"budget" : 0,
		"popularity" : 8.048305,
		"release_date" : "2007-09-03",
		"revenue" : 0,
		"runtime" : 101,
		"movie_status" : "Released",
		"vote_average" : 6.6,
		"vote_count" : 96
	},
	{
		"movie_key" : 5503,
		"company_id" : 6194,
		"title" : "The Fugitive",
		"budget" : 44000000,
		"popularity" : 54.884297,
		"release_date" : "1993-08-06",
		"revenue" : 368875760,
		"runtime" : 130,
		"movie_status" : "Released",
		"vote_average" : 7.2,
		"vote_count" : 1220
	},
	{
		"movie_key" : 5550,
		"company_id" : 41,
		"title" : "RoboCop 3",
		"budget" : 22000000,
		"popularity" : 14.725467,
		"release_date" : "1993-04-17",
		"revenue" : 10696210,
		"runtime" : 104,
		"movie_status" : "Released",
		"vote_average" : 4.2,
		"vote_count" : 305
	},
	{
		"movie_key" : 5689,
		"company_id" : 441,
		"title" : "The Blue Lagoon",
		"budget" : 4500000,
		"popularity" : 22.585384,
		"release_date" : "1980-07-05",
		"revenue" : 58853106,
		"runtime" : 104,
		"movie_status" : "Released",
		"vote_average" : 5.8,
		"vote_count" : 408
	},
	{
		"movie_key" : 5722,
		"company_id" : 306,
		"title" : "Beyond the Valley of the Dolls",
		"budget" : 2090000,
		"popularity" : 4.289003,
		"release_date" : "1970-07-17",
		"revenue" : 40000000,
		"runtime" : 109,
		"movie_status" : "Released",
		"vote_average" : 6.6,
		"vote_count" : 53
	},
	{
		"movie_key" : 5759,
		"company_id" : 1974,
		"title" : "Baghead",
		"budget" : 0,
		"popularity" : 3.299345,
		"release_date" : "2008-01-21",
		"revenue" : 0,
		"runtime" : 84,
		"movie_status" : "Released",
		"vote_average" : 5.8,
		"vote_count" : 23
	},
	{
		"movie_key" : 5769,
		"company_id" : 1980,
		"title" : "Tom Jones",
		"budget" : 1000000,
		"popularity" : 2.833166,
		"release_date" : "1963-10-06",
		"revenue" : 37600000,
		"runtime" : 128,
		"movie_status" : "Released",
		"vote_average" : 6.1,
		"vote_count" : 39
	},
	{
		"movie_key" : 5780,
		"company_id" : 33,
		"title" : "Torn Curtain",
		"budget" : 3000000,
		"popularity" : 7.924982,
		"release_date" : "1966-07-13",
		"revenue" : 13000000,
		"runtime" : 128,
		"movie_status" : "Released",
		"vote_average" : 6.4,
		"vote_count" : 120
	},
	{
		"movie_key" : 5822,
		"company_id" : 2404,
		"title" : "Sweet Sweetback's Baadasssss Song",
		"budget" : 150000,
		"popularity" : 0.132878,
		"release_date" : "1971-04-23",
		"revenue" : 15200000,
		"runtime" : 97,
		"movie_status" : "Released",
		"vote_average" : 4.6,
		"vote_count" : 18
	},
	{
		"movie_key" : 5854,
		"company_id" : 33,
		"title" : "Family Plot",
		"budget" : 2000000,
		"popularity" : 3.832858,
		"release_date" : "1976-04-09",
		"revenue" : 7900000,
		"runtime" : 121,
		"movie_status" : "Released",
		"vote_average" : 6.7,
		"vote_count" : 86
	},
	{
		"movie_key" : 5971,
		"company_id" : 4,
		"title" : "We're No Angels",
		"budget" : 20000000,
		"popularity" : 9.927018,
		"release_date" : "1989-12-15",
		"revenue" : 0,
		"runtime" : 106,
		"movie_status" : "Released",
		"vote_average" : 5.6,
		"vote_count" : 105
	},
	{
		"movie_key" : 5994,
		"company_id" : 33,
		"title" : "The Family Man",
		"budget" : 60000000,
		"popularity" : 19.705489,
		"release_date" : "2000-12-12",
		"revenue" : 0,
		"runtime" : 125,
		"movie_status" : "Released",
		"vote_average" : 6.5,
		"vote_count" : 521
	},
	{
		"movie_key" : 6007,
		"company_id" : 2009,
		"title" : "Elling",
		"budget" : 0,
		"popularity" : 2.526356,
		"release_date" : "2001-03-16",
		"revenue" : 0,
		"runtime" : 89,
		"movie_status" : "Released",
		"vote_average" : 7,
		"vote_count" : 51
	},
	{
		"movie_key" : 6020,
		"company_id" : 9195,
		"title" : "Sorority Boys",
		"budget" : 12000000,
		"popularity" : 3.444542,
		"release_date" : "2002-03-22",
		"revenue" : 0,
		"runtime" : 93,
		"movie_status" : "Released",
		"vote_average" : 4.6,
		"vote_count" : 47
	},
	{
		"movie_key" : 6071,
		"company_id" : 306,
		"title" : "Kiss of Death",
		"budget" : 40000000,
		"popularity" : 6.90894,
		"release_date" : "1995-04-21",
		"revenue" : 0,
		"runtime" : 101,
		"movie_status" : "Released",
		"vote_average" : 5.7,
		"vote_count" : 81
	},
	{
		"movie_key" : 6106,
		"company_id" : 3952,
		"title" : "Salvador",
		"budget" : 4500000,
		"popularity" : 3.819796,
		"release_date" : "1986-04-23",
		"revenue" : 0,
		"runtime" : 123,
		"movie_status" : "Released",
		"vote_average" : 7,
		"vote_count" : 71
	},
	{
		"movie_key" : 6116,
		"company_id" : 441,
		"title" : "Spice World",
		"budget" : 25000000,
		"popularity" : 6.889437,
		"release_date" : "1997-12-19",
		"revenue" : 100000000,
		"runtime" : 93,
		"movie_status" : "Released",
		"vote_average" : 4.7,
		"vote_count" : 123
	},
	{
		"movie_key" : 6439,
		"company_id" : 1088,
		"title" : "Racing Stripes",
		"budget" : 30000000,
		"popularity" : 8.058109,
		"release_date" : "2005-01-06",
		"revenue" : 93772522,
		"runtime" : 102,
		"movie_status" : "Released",
		"vote_average" : 5.1,
		"vote_count" : 123
	},
	{
		"movie_key" : 6440,
		"company_id" : 14,
		"title" : "The Shipping News",
		"budget" : 0,
		"popularity" : 11.1399,
		"release_date" : "2001-12-18",
		"revenue" : 0,
		"runtime" : 111,
		"movie_status" : "Released",
		"vote_average" : 6.4,
		"vote_count" : 108
	},
	{
		"movie_key" : 6478,
		"company_id" : 1632,
		"title" : "Beyond the Sea",
		"budget" : 23000000,
		"popularity" : 6.138213,
		"release_date" : "2004-12-17",
		"revenue" : 0,
		"runtime" : 118,
		"movie_status" : "Released",
		"vote_average" : 6.5,
		"vote_count" : 55
	},
	{
		"movie_key" : 6623,
		"company_id" : 27,
		"title" : "The Peacemaker",
		"budget" : 50000000,
		"popularity" : 15.931084,
		"release_date" : "1997-09-26",
		"revenue" : 0,
		"runtime" : 124,
		"movie_status" : "Released",
		"vote_average" : 5.8,
		"vote_count" : 255
	},
	{
		"movie_key" : 7301,
		"company_id" : 2224,
		"title" : "Lonesome Jim",
		"budget" : 0,
		"popularity" : 3.433625,
		"release_date" : "2005-11-16",
		"revenue" : 0,
		"runtime" : 91,
		"movie_status" : "Released",
		"vote_average" : 6.4,
		"vote_count" : 26
	},
	{
		"movie_key" : 7303,
		"company_id" : 2455,
		"title" : "Maid in Manhattan",
		"budget" : 55000000,
		"popularity" : 19.738215,
		"release_date" : "2002-12-13",
		"revenue" : 154906693,
		"runtime" : 105,
		"movie_status" : "Released",
		"vote_average" : 5.6,
		"vote_count" : 485
	},
	{
		"movie_key" : 7484,
		"company_id" : 2251,
		"title" : "Open Season",
		"budget" : 85000000,
		"popularity" : 26.61951,
		"release_date" : "2006-09-29",
		"revenue" : 197309027,
		"runtime" : 83,
		"movie_status" : "Released",
		"vote_average" : 6.1,
		"vote_count" : 656
	},
	{
		"movie_key" : 7501,
		"company_id" : 2253,
		"title" : "Knockaround Guys",
		"budget" : 15000000,
		"popularity" : 8.113634,
		"release_date" : "2001-09-07",
		"revenue" : 12000000,
		"runtime" : 92,
		"movie_status" : "Released",
		"vote_average" : 5.9,
		"vote_count" : 97
	},
	{
		"movie_key" : 7504,
		"company_id" : 2257,
		"title" : "1947: Earth",
		"budget" : 0,
		"popularity" : 1.246883,
		"release_date" : "1998-09-16",
		"revenue" : 528972,
		"runtime" : 101,
		"movie_status" : "Released",
		"vote_average" : 6.6,
		"vote_count" : 9
	},
	{
		"movie_key" : 7510,
		"company_id" : 559,
		"title" : "Running with Scissors",
		"budget" : 12000000,
		"popularity" : 4.770195,
		"release_date" : "2006-10-27",
		"revenue" : 6754898,
		"runtime" : 116,
		"movie_status" : "Released",
		"vote_average" : 5.8,
		"vote_count" : 78
	},
	{
		"movie_key" : 7735,
		"company_id" : 5755,
		"title" : "Die Welle",
		"budget" : 7500000,
		"popularity" : 25.281197,
		"release_date" : "2008-03-11",
		"revenue" : 19000000,
		"runtime" : 107,
		"movie_status" : "Released",
		"vote_average" : 7.5,
		"vote_count" : 841
	},
	{
		"movie_key" : 7870,
		"company_id" : 2297,
		"title" : "Down in the Valley",
		"budget" : 8000000,
		"popularity" : 7.433574,
		"release_date" : "2005-05-13",
		"revenue" : 852872,
		"runtime" : 112,
		"movie_status" : "Released",
		"vote_average" : 5.9,
		"vote_count" : 63
	},
	{
		"movie_key" : 7873,
		"company_id" : 308,
		"title" : "Harsh Times",
		"budget" : 2000000,
		"popularity" : 12.999023,
		"release_date" : "2005-09-11",
		"revenue" : 5967038,
		"runtime" : 120,
		"movie_status" : "Released",
		"vote_average" : 6.3,
		"vote_count" : 197
	},
	{
		"movie_key" : 7874,
		"company_id" : 2315,
		"title" : "Black Snake Moan",
		"budget" : 15000000,
		"popularity" : 11.429607,
		"release_date" : "2006-12-08",
		"revenue" : 10903846,
		"runtime" : 116,
		"movie_status" : "Released",
		"vote_average" : 6.6,
		"vote_count" : 243
	},
	{
		"movie_key" : 8291,
		"company_id" : 5,
		"title" : "Poetic Justice",
		"budget" : 14000000,
		"popularity" : 3.650857,
		"release_date" : "1993-07-23",
		"revenue" : 27515786,
		"runtime" : 109,
		"movie_status" : "Released",
		"vote_average" : 6.9,
		"vote_count" : 47
	},
	{
		"movie_key" : 8329,
		"company_id" : 3631,
		"title" : "[REC]",
		"budget" : 1500000,
		"popularity" : 31.691617,
		"release_date" : "2007-04-10",
		"revenue" : 30448000,
		"runtime" : 78,
		"movie_status" : "Released",
		"vote_average" : 7.1,
		"vote_count" : 934
	},
	{
		"movie_key" : 8357,
		"company_id" : 2453,
		"title" : "What the #$*! Do We (K)now!?",
		"budget" : 0,
		"popularity" : 7.288352,
		"release_date" : "2004-04-23",
		"revenue" : 10000000,
		"runtime" : 109,
		"movie_status" : "Released",
		"vote_average" : 5.8,
		"vote_count" : 34
	},
	{
		"movie_key" : 8427,
		"company_id" : 441,
		"title" : "I Spy",
		"budget" : 70000000,
		"popularity" : 13.267631,
		"release_date" : "2002-10-31",
		"revenue" : 33561137,
		"runtime" : 97,
		"movie_status" : "Released",
		"vote_average" : 5.2,
		"vote_count" : 269
	},
	{
		"movie_key" : 8452,
		"company_id" : 11317,
		"title" : "The 6th Day",
		"budget" : 82000000,
		"popularity" : 18.447479,
		"release_date" : "2000-11-17",
		"revenue" : 96085477,
		"runtime" : 123,
		"movie_status" : "Released",
		"vote_average" : 5.7,
		"vote_count" : 595
	},
	{
		"movie_key" : 8489,
		"company_id" : 441,
		"title" : "Ali",
		"budget" : 107000000,
		"popularity" : 18.866672,
		"release_date" : "2001-12-11",
		"revenue" : 87713825,
		"runtime" : 157,
		"movie_status" : "Released",
		"vote_average" : 6.7,
		"vote_count" : 447
	},
	{
		"movie_key" : 8545,
		"company_id" : 14,
		"title" : "Little Voice",
		"budget" : 0,
		"popularity" : 4.647547,
		"release_date" : "1998-11-05",
		"revenue" : 0,
		"runtime" : 97,
		"movie_status" : "Released",
		"vote_average" : 6.6,
		"vote_count" : 61
	},
	{
		"movie_key" : 8592,
		"company_id" : 9195,
		"title" : "Dick Tracy",
		"budget" : 47000000,
		"popularity" : 7.859226,
		"release_date" : "1990-06-15",
		"revenue" : 103738726,
		"runtime" : 103,
		"movie_status" : "Released",
		"vote_average" : 5.9,
		"vote_count" : 251
	},
	{
		"movie_key" : 8617,
		"company_id" : 2514,
		"title" : "Prom Night",
		"budget" : 0,
		"popularity" : 9.642041,
		"release_date" : "2008-04-10",
		"revenue" : 14796236,
		"runtime" : 88,
		"movie_status" : "Released",
		"vote_average" : 4.8,
		"vote_count" : 167
	},
	{
		"movie_key" : 8669,
		"company_id" : 8411,
		"title" : "Charlie Bartlett",
		"budget" : 12000000,
		"popularity" : 9.779444,
		"release_date" : "2008-02-22",
		"revenue" : 0,
		"runtime" : 97,
		"movie_status" : "Released",
		"vote_average" : 6.5,
		"vote_count" : 225
	},
	{
		"movie_key" : 8699,
		"company_id" : 10105,
		"title" : "Anchorman: The Legend of Ron Burgundy",
		"budget" : 26000000,
		"popularity" : 29.342744,
		"release_date" : "2004-07-09",
		"revenue" : 90574188,
		"runtime" : 94,
		"movie_status" : "Released",
		"vote_average" : 6.7,
		"vote_count" : 1493
	},
	{
		"movie_key" : 8810,
		"company_id" : 2537,
		"title" : "Mad Max 2",
		"budget" : 2000000,
		"popularity" : 37.117362,
		"release_date" : "1981-12-24",
		"revenue" : 24600832,
		"runtime" : 95,
		"movie_status" : "Released",
		"vote_average" : 7.3,
		"vote_count" : 957
	},
	{
		"movie_key" : 8840,
		"company_id" : 33,
		"title" : "DragonHeart",
		"budget" : 57000000,
		"popularity" : 31.791979,
		"release_date" : "1996-05-31",
		"revenue" : 115267375,
		"runtime" : 103,
		"movie_status" : "Released",
		"vote_average" : 6.4,
		"vote_count" : 535
	},
	{
		"movie_key" : 8847,
		"company_id" : 58,
		"title" : "Standard Operating Procedure",
		"budget" : 0,
		"popularity" : 0.888986,
		"release_date" : "2008-02-12",
		"revenue" : 0,
		"runtime" : 117,
		"movie_status" : "Released",
		"vote_average" : 6.6,
		"vote_count" : 14
	},
	{
		"movie_key" : 8850,
		"company_id" : 33,
		"title" : "The Shadow",
		"budget" : 25000000,
		"popularity" : 8.178203,
		"release_date" : "1994-07-01",
		"revenue" : 48063435,
		"runtime" : 108,
		"movie_status" : "Released",
		"vote_average" : 5.4,
		"vote_count" : 138
	},
	{
		"movie_key" : 8872,
		"company_id" : 4,
		"title" : "Wayne's World",
		"budget" : 20000000,
		"popularity" : 21.815122,
		"release_date" : "1992-02-14",
		"revenue" : 121697323,
		"runtime" : 94,
		"movie_status" : "Released",
		"vote_average" : 6.5,
		"vote_count" : 728
	},
	{
		"movie_key" : 8874,
		"company_id" : 559,
		"title" : "My Best Friend's Wedding",
		"budget" : 38000000,
		"popularity" : 15.401855,
		"release_date" : "1997-06-19",
		"revenue" : 299288605,
		"runtime" : 105,
		"movie_status" : "Released",
		"vote_average" : 6.3,
		"vote_count" : 584
	},
	{
		"movie_key" : 8913,
		"company_id" : 4,
		"title" : "Pet Sematary",
		"budget" : 11500000,
		"popularity" : 20.747994,
		"release_date" : "1989-04-21",
		"revenue" : 57469467,
		"runtime" : 103,
		"movie_status" : "Released",
		"vote_average" : 6.4,
		"vote_count" : 407
	},
	{
		"movie_key" : 8952,
		"company_id" : 6896,
		"title" : "I Love You Phillip Morris",
		"budget" : 13000000,
		"popularity" : 19.664699,
		"release_date" : "2009-01-18",
		"revenue" : 10652035,
		"runtime" : 98,
		"movie_status" : "Released",
		"vote_average" : 6.4,
		"vote_count" : 503
	},
	{
		"movie_key" : 8998,
		"company_id" : 34,
		"title" : "Friends with Money",
		"budget" : 6500000,
		"popularity" : 11.885221,
		"release_date" : "2006-09-07",
		"revenue" : 13368437,
		"runtime" : 88,
		"movie_status" : "Released",
		"vote_average" : 5.1,
		"vote_count" : 128
	},
	{
		"movie_key" : 9022,
		"company_id" : 14712,
		"title" : "All the Boys Love Mandy Lane",
		"budget" : 750000,
		"popularity" : 12.284939,
		"release_date" : "2008-02-15",
		"revenue" : 0,
		"runtime" : 90,
		"movie_status" : "Released",
		"vote_average" : 5.7,
		"vote_count" : 209
	},
	{
		"movie_key" : 9026,
		"company_id" : 2650,
		"title" : "The Importance of Being Earnest",
		"budget" : 0,
		"popularity" : 7.250379,
		"release_date" : "2002-05-17",
		"revenue" : 0,
		"runtime" : 97,
		"movie_status" : "Released",
		"vote_average" : 6.7,
		"vote_count" : 127
	},
	{
		"movie_key" : 9032,
		"company_id" : 5,
		"title" : "Big Daddy",
		"budget" : 34200000,
		"popularity" : 34.86859,
		"release_date" : "1999-06-25",
		"revenue" : 234801895,
		"runtime" : 93,
		"movie_status" : "Released",
		"vote_average" : 6.1,
		"vote_count" : 875
	},
	{
		"movie_key" : 9034,
		"company_id" : 43,
		"title" : "The Banger Sisters",
		"budget" : 10000000,
		"popularity" : 6.015354,
		"release_date" : "2002-09-20",
		"revenue" : 0,
		"runtime" : 98,
		"movie_status" : "Released",
		"vote_average" : 5.5,
		"vote_count" : 62
	},
	{
		"movie_key" : 9035,
		"company_id" : 33,
		"title" : "Slither",
		"budget" : 15500000,
		"popularity" : 17.327279,
		"release_date" : "2006-03-31",
		"revenue" : 0,
		"runtime" : 95,
		"movie_status" : "Released",
		"vote_average" : 6.3,
		"vote_count" : 317
	},
	{
		"movie_key" : 9043,
		"company_id" : 711,
		"title" : "The Family Stone",
		"budget" : 0,
		"popularity" : 14.190837,
		"release_date" : "2005-12-14",
		"revenue" : 0,
		"runtime" : 103,
		"movie_status" : "Released",
		"vote_average" : 6.2,
		"vote_count" : 249
	},
	{
		"movie_key" : 9067,
		"company_id" : 2231,
		"title" : "Tank Girl",
		"budget" : 25000000,
		"popularity" : 8.186936,
		"release_date" : "1995-03-31",
		"revenue" : 4064495,
		"runtime" : 98,
		"movie_status" : "Released",
		"vote_average" : 5.5,
		"vote_count" : 138
	},
	{
		"movie_key" : 9074,
		"company_id" : 12,
		"title" : "The Man",
		"budget" : 0,
		"popularity" : 6.925645,
		"release_date" : "2005-09-08",
		"revenue" : 12382362,
		"runtime" : 83,
		"movie_status" : "Released",
		"vote_average" : 5.4,
		"vote_count" : 133
	},
	{
		"movie_key" : 9100,
		"company_id" : 5,
		"title" : "The Craft",
		"budget" : 15000000,
		"popularity" : 19.517239,
		"release_date" : "1996-05-03",
		"revenue" : 24769466,
		"runtime" : 101,
		"movie_status" : "Released",
		"vote_average" : 6.3,
		"vote_count" : 380
	},
	{
		"movie_key" : 9271,
		"company_id" : 4,
		"title" : "Virtuosity",
		"budget" : 30000000,
		"popularity" : 5.301589,
		"release_date" : "1995-08-04",
		"revenue" : 24048000,
		"runtime" : 106,
		"movie_status" : "Released",
		"vote_average" : 5.4,
		"vote_count" : 163
	},
	{
		"movie_key" : 9277,
		"company_id" : 33,
		"title" : "The Sting",
		"budget" : 5500000,
		"popularity" : 28.500913,
		"release_date" : "1973-12-25",
		"revenue" : 159616327,
		"runtime" : 129,
		"movie_status" : "Released",
		"vote_average" : 7.9,
		"vote_count" : 622
	},
	{
		"movie_key" : 9281,
		"company_id" : 4,
		"title" : "Witness",
		"budget" : 12000000,
		"popularity" : 19.195399,
		"release_date" : "1985-02-08",
		"revenue" : 68706993,
		"runtime" : 113,
		"movie_status" : "Released",
		"vote_average" : 7,
		"vote_count" : 375
	},
	{
		"movie_key" : 9294,
		"company_id" : 9195,
		"title" : "Phenomenon",
		"budget" : 32000000,
		"popularity" : 15.039407,
		"release_date" : "1996-07-05",
		"revenue" : 152036382,
		"runtime" : 123,
		"movie_status" : "Released",
		"vote_average" : 6.2,
		"vote_count" : 323
	},
	{
		"movie_key" : 9304,
		"company_id" : 441,
		"title" : "Multiplicity",
		"budget" : 45000000,
		"popularity" : 11.120344,
		"release_date" : "1996-07-19",
		"revenue" : 0,
		"runtime" : 117,
		"movie_status" : "Released",
		"vote_average" : 5.5,
		"vote_count" : 154
	},
	{
		"movie_key" : 9306,
		"company_id" : 12,
		"title" : "The Island of Dr. Moreau",
		"budget" : 40000000,
		"popularity" : 13.210898,
		"release_date" : "1996-08-23",
		"revenue" : 49627779,
		"runtime" : 96,
		"movie_status" : "Released",
		"vote_average" : 4.6,
		"vote_count" : 147
	},
	{
		"movie_key" : 9313,
		"company_id" : 8213,
		"title" : "The Man in the Iron Mask",
		"budget" : 0,
		"popularity" : 28.98027,
		"release_date" : "1998-03-12",
		"revenue" : 0,
		"runtime" : 132,
		"movie_status" : "Released",
		"vote_average" : 6.3,
		"vote_count" : 1018
	},
	{
		"movie_key" : 9344,
		"company_id" : 14,
		"title" : "Kids",
		"budget" : 1500000,
		"popularity" : 13.291991,
		"release_date" : "1995-07-28",
		"revenue" : 7412216,
		"runtime" : 91,
		"movie_status" : "Released",
		"vote_average" : 6.8,
		"vote_count" : 279
	},
	{
		"movie_key" : 9348,
		"company_id" : 8411,
		"title" : "Species",
		"budget" : 35000000,
		"popularity" : 23.607071,
		"release_date" : "1995-07-07",
		"revenue" : 113374103,
		"runtime" : 108,
		"movie_status" : "Released",
		"vote_average" : 5.5,
		"vote_count" : 453
	},
	{
		"movie_key" : 9355,
		"company_id" : 2537,
		"title" : "Mad Max Beyond Thunderdome",
		"budget" : 12305523,
		"popularity" : 36.582038,
		"release_date" : "1985-06-29",
		"revenue" : 36230219,
		"runtime" : 107,
		"movie_status" : "Released",
		"vote_average" : 5.9,
		"vote_count" : 748
	},
	{
		"movie_key" : 9361,
		"company_id" : 10210,
		"title" : "The Last of the Mohicans",
		"budget" : 40000000,
		"popularity" : 37.776566,
		"release_date" : "1992-09-25",
		"revenue" : 75505856,
		"runtime" : 112,
		"movie_status" : "Released",
		"vote_average" : 7.1,
		"vote_count" : 732
	},
	{
		"movie_key" : 9367,
		"company_id" : 5,
		"title" : "El Mariachi",
		"budget" : 220000,
		"popularity" : 14.269792,
		"release_date" : "1992-09-04",
		"revenue" : 2040920,
		"runtime" : 81,
		"movie_status" : "Released",
		"vote_average" : 6.6,
		"vote_count" : 238
	},
	{
		"movie_key" : 9372,
		"company_id" : 8735,
		"title" : "Super Size Me",
		"budget" : 65000,
		"popularity" : 10.400603,
		"release_date" : "2004-01-17",
		"revenue" : 28575078,
		"runtime" : 100,
		"movie_status" : "Released",
		"vote_average" : 6.6,
		"vote_count" : 506
	},
	{
		"movie_key" : 9374,
		"company_id" : 33,
		"title" : "Death Becomes Her",
		"budget" : 55000000,
		"popularity" : 29.498304,
		"release_date" : "1992-07-30",
		"revenue" : 149022650,
		"runtime" : 104,
		"movie_status" : "Released",
		"vote_average" : 6.3,
		"vote_count" : 636
	},
	{
		"movie_key" : 9396,
		"company_id" : 4,
		"title" : "Crocodile Dundee II",
		"budget" : 0,
		"popularity" : 15.474831,
		"release_date" : "1988-05-19",
		"revenue" : 239606210,
		"runtime" : 110,
		"movie_status" : "Released",
		"vote_average" : 5.5,
		"vote_count" : 303
	},
	{
		"movie_key" : 9400,
		"company_id" : 12,
		"title" : "Set It Off",
		"budget" : 9000000,
		"popularity" : 6.717994,
		"release_date" : "1996-11-06",
		"revenue" : 41590886,
		"runtime" : 118,
		"movie_status" : "Released",
		"vote_average" : 6.9,
		"vote_count" : 66
	},
	{
		"movie_key" : 9416,
		"company_id" : 12,
		"title" : "Money Talks",
		"budget" : 0,
		"popularity" : 7.615653,
		"release_date" : "1997-08-22",
		"revenue" : 0,
		"runtime" : 97,
		"movie_status" : "Released",
		"vote_average" : 5.9,
		"vote_count" : 87
	},
	{
		"movie_key" : 9428,
		"company_id" : 9195,
		"title" : "The Royal Tenenbaums",
		"budget" : 21000000,
		"popularity" : 24.13081,
		"release_date" : "2001-10-05",
		"revenue" : 71441250,
		"runtime" : 110,
		"movie_status" : "Released",
		"vote_average" : 7.4,
		"vote_count" : 1286
	},
	{
		"movie_key" : 9430,
		"company_id" : 5,
		"title" : "Go",
		"budget" : 6500000,
		"popularity" : 11.142389,
		"release_date" : "1999-04-09",
		"revenue" : 28451622,
		"runtime" : 98,
		"movie_status" : "Released",
		"vote_average" : 7,
		"vote_count" : 196
	},
	{
		"movie_key" : 9433,
		"company_id" : 8769,
		"title" : "The Edge",
		"budget" : 0,
		"popularity" : 20.632673,
		"release_date" : "1997-09-06",
		"revenue" : 43312294,
		"runtime" : 117,
		"movie_status" : "Released",
		"vote_average" : 6.7,
		"vote_count" : 349
	},
	{
		"movie_key" : 9447,
		"company_id" : 2537,
		"title" : "Babe: Pig in the City",
		"budget" : 90000000,
		"popularity" : 11.356079,
		"release_date" : "1998-11-25",
		"revenue" : 69131860,
		"runtime" : 92,
		"movie_status" : "Released",
		"vote_average" : 5.2,
		"vote_count" : 305
	},
	{
		"movie_key" : 9448,
		"company_id" : 559,
		"title" : "The Big Hit",
		"budget" : 13000000,
		"popularity" : 6.425528,
		"release_date" : "1998-04-24",
		"revenue" : 27007143,
		"runtime" : 91,
		"movie_status" : "Released",
		"vote_average" : 6.1,
		"vote_count" : 109
	},
	{
		"movie_key" : 9452,
		"company_id" : 306,
		"title" : "Bulworth",
		"budget" : 30000000,
		"popularity" : 4.52363,
		"release_date" : "1998-05-15",
		"revenue" : 29202884,
		"runtime" : 108,
		"movie_status" : "Released",
		"vote_average" : 6.3,
		"vote_count" : 66
	},
	{
		"movie_key" : 9454,
		"company_id" : 306,
		"title" : "EverAfter",
		"budget" : 26000000,
		"popularity" : 21.988861,
		"release_date" : "1998-07-31",
		"revenue" : 65705772,
		"runtime" : 121,
		"movie_status" : "Released",
		"vote_average" : 6.8,
		"vote_count" : 399
	},
	{
		"movie_key" : 9470,
		"company_id" : 5,
		"title" : "功夫",
		"budget" : 20000000,
		"popularity" : 13.658985,
		"release_date" : "2004-02-10",
		"revenue" : 100914445,
		"runtime" : 99,
		"movie_status" : "Released",
		"vote_average" : 7.2,
		"vote_count" : 831
	},
	{
		"movie_key" : 9488,
		"company_id" : 7405,
		"title" : "Spy Kids 2: The Island of Lost Dreams",
		"budget" : 38000000,
		"popularity" : 24.085144,
		"release_date" : "2002-08-07",
		"revenue" : 119723358,
		"runtime" : 100,
		"movie_status" : "Released",
		"vote_average" : 5.3,
		"vote_count" : 521
	},
	{
		"movie_key" : 9489,
		"company_id" : 6194,
		"title" : "You've Got Mail",
		"budget" : 65000000,
		"popularity" : 28.540267,
		"release_date" : "1998-12-17",
		"revenue" : 250821495,
		"runtime" : 119,
		"movie_status" : "Released",
		"vote_average" : 6.3,
		"vote_count" : 838
	},
	{
		"movie_key" : 9490,
		"company_id" : 33,
		"title" : "Half Baked",
		"budget" : 8000000,
		"popularity" : 7.894489,
		"release_date" : "1998-01-16",
		"revenue" : 17460020,
		"runtime" : 82,
		"movie_status" : "Released",
		"vote_average" : 6.4,
		"vote_count" : 177
	},
	{
		"movie_key" : 9493,
		"company_id" : 33,
		"title" : "Twins",
		"budget" : 15000000,
		"popularity" : 17.638286,
		"release_date" : "1988-12-09",
		"revenue" : 216614388,
		"runtime" : 107,
		"movie_status" : "Released",
		"vote_average" : 5.7,
		"vote_count" : 559
	},
	{
		"movie_key" : 9502,
		"company_id" : 521,
		"title" : "Kung Fu Panda",
		"budget" : 130000000,
		"popularity" : 84.689648,
		"release_date" : "2008-06-04",
		"revenue" : 631744560,
		"runtime" : 90,
		"movie_status" : "Released",
		"vote_average" : 6.9,
		"vote_count" : 3145
	},
	{
		"movie_key" : 9515,
		"company_id" : 14,
		"title" : "The Matador",
		"budget" : 10000000,
		"popularity" : 5.647538,
		"release_date" : "2005-05-12",
		"revenue" : 17297244,
		"runtime" : 96,
		"movie_status" : "Released",
		"vote_average" : 6.2,
		"vote_count" : 136
	},
	{
		"movie_key" : 9516,
		"company_id" : 12,
		"title" : "Menace II Society",
		"budget" : 3500000,
		"popularity" : 3.418871,
		"release_date" : "1993-05-26",
		"revenue" : 27900000,
		"runtime" : 97,
		"movie_status" : "Released",
		"vote_average" : 7.2,
		"vote_count" : 173
	},
	{
		"movie_key" : 9517,
		"company_id" : 694,
		"title" : "Bully",
		"budget" : 0,
		"popularity" : 6.677093,
		"release_date" : "2001-06-15",
		"revenue" : 480811,
		"runtime" : 113,
		"movie_status" : "Released",
		"vote_average" : 6.7,
		"vote_count" : 125
	},
	{
		"movie_key" : 9550,
		"company_id" : 724,
		"title" : "十面埋伏",
		"budget" : 0,
		"popularity" : 21.064082,
		"release_date" : "2004-05-19",
		"revenue" : 92863945,
		"runtime" : 119,
		"movie_status" : "Released",
		"vote_average" : 7.1,
		"vote_count" : 439
	},
	{
		"movie_key" : 9570,
		"company_id" : 3166,
		"title" : "The Black Hole",
		"budget" : 20000000,
		"popularity" : 8.265317,
		"release_date" : "1979-12-18",
		"revenue" : 35841901,
		"runtime" : 98,
		"movie_status" : "Released",
		"vote_average" : 6.1,
		"vote_count" : 131
	},
	{
		"movie_key" : 9587,
		"company_id" : 5,
		"title" : "Little Women",
		"budget" : 18000000,
		"popularity" : 16.418639,
		"release_date" : "1994-12-21",
		"revenue" : 0,
		"runtime" : 115,
		"movie_status" : "Released",
		"vote_average" : 7,
		"vote_count" : 215
	},
	{
		"movie_key" : 9594,
		"company_id" : 3470,
		"title" : "Double Impact",
		"budget" : 15000000,
		"popularity" : 10.484642,
		"release_date" : "1991-08-10",
		"revenue" : 30102717,
		"runtime" : 110,
		"movie_status" : "Released",
		"vote_average" : 5.3,
		"vote_count" : 215
	},
	{
		"movie_key" : 9603,
		"company_id" : 4,
		"title" : "Clueless",
		"budget" : 12000000,
		"popularity" : 16.051328,
		"release_date" : "1995-07-19",
		"revenue" : 0,
		"runtime" : 97,
		"movie_status" : "Released",
		"vote_average" : 6.9,
		"vote_count" : 803
	},
	{
		"movie_key" : 9610,
		"company_id" : 499,
		"title" : "Conan the Destroyer",
		"budget" : 18000000,
		"popularity" : 18.379124,
		"release_date" : "1984-06-29",
		"revenue" : 100000000,
		"runtime" : 103,
		"movie_status" : "Released",
		"vote_average" : 5.8,
		"vote_count" : 383
	},
	{
		"movie_key" : 9615,
		"company_id" : 33,
		"title" : "The Fast and the Furious: Tokyo Drift",
		"budget" : 85000000,
		"popularity" : 8.282876,
		"release_date" : "2006-06-03",
		"revenue" : 158468292,
		"runtime" : 104,
		"movie_status" : "Released",
		"vote_average" : 6.1,
		"vote_count" : 1705
	},
	{
		"movie_key" : 9618,
		"company_id" : 6194,
		"title" : "Tango & Cash",
		"budget" : 55000000,
		"popularity" : 22.787667,
		"release_date" : "1989-12-22",
		"revenue" : 63408614,
		"runtime" : 104,
		"movie_status" : "Released",
		"vote_average" : 6.1,
		"vote_count" : 458
	},
	{
		"movie_key" : 9623,
		"company_id" : 441,
		"title" : "The Juror",
		"budget" : 44000000,
		"popularity" : 3.937352,
		"release_date" : "1996-02-02",
		"revenue" : 0,
		"runtime" : 118,
		"movie_status" : "Released",
		"vote_average" : 5.5,
		"vote_count" : 89
	},
	{
		"movie_key" : 9624,
		"company_id" : 6194,
		"title" : "On Deadly Ground",
		"budget" : 50000000,
		"popularity" : 9.114168,
		"release_date" : "1994-02-18",
		"revenue" : 49000000,
		"runtime" : 102,
		"movie_status" : "Released",
		"vote_average" : 4.5,
		"vote_count" : 104
	},
	{
		"movie_key" : 9644,
		"company_id" : 12,
		"title" : "National Lampoon's Loaded Weapon 1",
		"budget" : 0,
		"popularity" : 12.963328,
		"release_date" : "1993-02-04",
		"revenue" : 0,
		"runtime" : 84,
		"movie_status" : "Released",
		"vote_average" : 5.7,
		"vote_count" : 157
	},
	{
		"movie_key" : 9647,
		"company_id" : 4,
		"title" : "Scrooged",
		"budget" : 0,
		"popularity" : 21.620317,
		"release_date" : "1988-11-22",
		"revenue" : 60328000,
		"runtime" : 101,
		"movie_status" : "Released",
		"vote_average" : 6.7,
		"vote_count" : 390
	},
	{
		"movie_key" : 9656,
		"company_id" : 7405,
		"title" : "Black Christmas",
		"budget" : 9000000,
		"popularity" : 4.134327,
		"release_date" : "2006-12-25",
		"revenue" : 21510851,
		"runtime" : 84,
		"movie_status" : "Released",
		"vote_average" : 4.8,
		"vote_count" : 119
	},
	{
		"movie_key" : 9682,
		"company_id" : 7405,
		"title" : "Pulse",
		"budget" : 38000000,
		"popularity" : 9.662715,
		"release_date" : "2006-08-11",
		"revenue" : 29907685,
		"runtime" : 90,
		"movie_status" : "Released",
		"vote_average" : 5,
		"vote_count" : 150
	},
	{
		"movie_key" : 9683,
		"company_id" : 9195,
		"title" : "Bubble Boy",
		"budget" : 0,
		"popularity" : 10.131123,
		"release_date" : "2001-08-24",
		"revenue" : 0,
		"runtime" : 84,
		"movie_status" : "Released",
		"vote_average" : 5.1,
		"vote_count" : 163
	},
	{
		"movie_key" : 9685,
		"company_id" : 60,
		"title" : "Igby Goes Down",
		"budget" : 9000000,
		"popularity" : 2.062087,
		"release_date" : "2002-09-13",
		"revenue" : 4777465,
		"runtime" : 97,
		"movie_status" : "Released",
		"vote_average" : 6.5,
		"vote_count" : 95
	},
	{
		"movie_key" : 9686,
		"company_id" : 9195,
		"title" : "New York Stories",
		"budget" : 15000000,
		"popularity" : 6.684096,
		"release_date" : "1989-03-10",
		"revenue" : 0,
		"runtime" : 124,
		"movie_status" : "Released",
		"vote_average" : 6.2,
		"vote_count" : 64
	},
	{
		"movie_key" : 9689,
		"company_id" : 27,
		"title" : "Hollywood Ending",
		"budget" : 16000000,
		"popularity" : 8.711782,
		"release_date" : "2002-05-03",
		"revenue" : 0,
		"runtime" : 112,
		"movie_status" : "Released",
		"vote_average" : 6.4,
		"vote_count" : 113
	},
	{
		"movie_key" : 9700,
		"company_id" : 35,
		"title" : "The Lost City",
		"budget" : 9600000,
		"popularity" : 3.588529,
		"release_date" : "2005-09-03",
		"revenue" : 4386236,
		"runtime" : 144,
		"movie_status" : "Released",
		"vote_average" : 6,
		"vote_count" : 24
	},
	{
		"movie_key" : 9702,
		"company_id" : 915,
		"title" : "Bound by Honor",
		"budget" : 35000000,
		"popularity" : 9.122828,
		"release_date" : "1993-02-05",
		"revenue" : 0,
		"runtime" : 180,
		"movie_status" : "Released",
		"vote_average" : 7.7,
		"vote_count" : 115
	},
	{
		"movie_key" : 9716,
		"company_id" : 14,
		"title" : "Everyone Says I Love You",
		"budget" : 20000000,
		"popularity" : 12.379781,
		"release_date" : "1996-12-06",
		"revenue" : 0,
		"runtime" : 101,
		"movie_status" : "Released",
		"vote_average" : 6.5,
		"vote_count" : 147
	},
	{
		"movie_key" : 9729,
		"company_id" : 805,
		"title" : "Where the Truth Lies",
		"budget" : 25000000,
		"popularity" : 4.051221,
		"release_date" : "2005-10-07",
		"revenue" : 0,
		"runtime" : 107,
		"movie_status" : "Released",
		"vote_average" : 5.9,
		"vote_count" : 66
	},
	{
		"movie_key" : 9746,
		"company_id" : 9195,
		"title" : "Kundun",
		"budget" : 28000000,
		"popularity" : 7.039189,
		"release_date" : "1997-12-25",
		"revenue" : 5684789,
		"runtime" : 134,
		"movie_status" : "Released",
		"vote_average" : 6.8,
		"vote_count" : 91
	},
	{
		"movie_key" : 9759,
		"company_id" : 12,
		"title" : "Cellular",
		"budget" : 25000000,
		"popularity" : 24.459948,
		"release_date" : "2004-09-06",
		"revenue" : 56422687,
		"runtime" : 94,
		"movie_status" : "Released",
		"vote_average" : 6.1,
		"vote_count" : 537
	},
	{
		"movie_key" : 9766,
		"company_id" : 5,
		"title" : "Gridiron Gang",
		"budget" : 30000000,
		"popularity" : 9.278361,
		"release_date" : "2006-09-15",
		"revenue" : 41480851,
		"runtime" : 125,
		"movie_status" : "Released",
		"vote_average" : 6.5,
		"vote_count" : 206
	},
	{
		"movie_key" : 9783,
		"company_id" : 3295,
		"title" : "Sublime",
		"budget" : 0,
		"popularity" : 6.833164,
		"release_date" : "2007-06-15",
		"revenue" : 0,
		"runtime" : 113,
		"movie_status" : "Released",
		"vote_average" : 5.3,
		"vote_count" : 33
	},
	{
		"movie_key" : 9794,
		"company_id" : 1632,
		"title" : "Employee of the Month",
		"budget" : 12000000,
		"popularity" : 9.559737,
		"release_date" : "2006-10-06",
		"revenue" : 38368909,
		"runtime" : 103,
		"movie_status" : "Released",
		"vote_average" : 5.3,
		"vote_count" : 153
	},
	{
		"movie_key" : 9809,
		"company_id" : 33,
		"title" : "Let's Go to Prison",
		"budget" : 4000000,
		"popularity" : 4.59841,
		"release_date" : "2006-11-17",
		"revenue" : 4630045,
		"runtime" : 84,
		"movie_status" : "Released",
		"vote_average" : 5.5,
		"vote_count" : 69
	},
	{
		"movie_key" : 9813,
		"company_id" : 769,
		"title" : "The Quiet",
		"budget" : 900000,
		"popularity" : 4.0971,
		"release_date" : "2005-09-12",
		"revenue" : 381420,
		"runtime" : 96,
		"movie_status" : "Released",
		"vote_average" : 6.1,
		"vote_count" : 73
	},
	{
		"movie_key" : 9821,
		"company_id" : 14,
		"title" : "The Mighty",
		"budget" : 0,
		"popularity" : 5.497682,
		"release_date" : "1998-10-23",
		"revenue" : 0,
		"runtime" : 100,
		"movie_status" : "Released",
		"vote_average" : 7.1,
		"vote_count" : 51
	},
	{
		"movie_key" : 9842,
		"company_id" : 7405,
		"title" : "School for Scoundrels",
		"budget" : 20000000,
		"popularity" : 8.244324,
		"release_date" : "2006-09-29",
		"revenue" : 17807569,
		"runtime" : 100,
		"movie_status" : "Released",
		"vote_average" : 5.6,
		"vote_count" : 111
	},
	{
		"movie_key" : 9849,
		"company_id" : 2,
		"title" : "My Favorite Martian",
		"budget" : 65000000,
		"popularity" : 6.80692,
		"release_date" : "1999-02-11",
		"revenue" : 36850101,
		"runtime" : 94,
		"movie_status" : "Released",
		"vote_average" : 5.1,
		"vote_count" : 80
	},
	{
		"movie_key" : 9889,
		"company_id" : 306,
		"title" : "Shallow Hal",
		"budget" : 40000000,
		"popularity" : 29.854773,
		"release_date" : "2001-11-01",
		"revenue" : 141069860,
		"runtime" : 114,
		"movie_status" : "Released",
		"vote_average" : 5.7,
		"vote_count" : 731
	},
	{
		"movie_key" : 9894,
		"company_id" : 441,
		"title" : "The Cable Guy",
		"budget" : 47000000,
		"popularity" : 19.525659,
		"release_date" : "1996-06-10",
		"revenue" : 102825796,
		"runtime" : 96,
		"movie_status" : "Released",
		"vote_average" : 5.7,
		"vote_count" : 594
	},
	{
		"movie_key" : 9918,
		"company_id" : 2,
		"title" : "Glory Road",
		"budget" : 0,
		"popularity" : 8.305085,
		"release_date" : "2006-01-13",
		"revenue" : 42647449,
		"runtime" : 118,
		"movie_status" : "Released",
		"vote_average" : 7.2,
		"vote_count" : 144
	},
	{
		"movie_key" : 9919,
		"company_id" : 4,
		"title" : "How to Lose a Guy in 10 Days",
		"budget" : 50000000,
		"popularity" : 23.854701,
		"release_date" : "2003-02-07",
		"revenue" : 177371441,
		"runtime" : 116,
		"movie_status" : "Released",
		"vote_average" : 6.3,
		"vote_count" : 850
	},
	{
		"movie_key" : 9944,
		"company_id" : 6194,
		"title" : "The Pelican Brief",
		"budget" : 45000000,
		"popularity" : 17.923254,
		"release_date" : "1993-12-16",
		"revenue" : 195268056,
		"runtime" : 141,
		"movie_status" : "Released",
		"vote_average" : 6.3,
		"vote_count" : 371
	},
	{
		"movie_key" : 9946,
		"company_id" : 919,
		"title" : "End of Days",
		"budget" : 100000000,
		"popularity" : 20.652943,
		"release_date" : "1999-11-24",
		"revenue" : 211989043,
		"runtime" : 121,
		"movie_status" : "Released",
		"vote_average" : 5.5,
		"vote_count" : 482
	},
	{
		"movie_key" : 9950,
		"company_id" : 2448,
		"title" : "Find Me Guilty",
		"budget" : 13000000,
		"popularity" : 12.321302,
		"release_date" : "2006-03-16",
		"revenue" : 2636637,
		"runtime" : 125,
		"movie_status" : "Released",
		"vote_average" : 6.5,
		"vote_count" : 138
	},
	{
		"movie_key" : 9952,
		"company_id" : 8411,
		"title" : "Rescue Dawn",
		"budget" : 10000000,
		"popularity" : 17.078656,
		"release_date" : "2006-09-09",
		"revenue" : 7177143,
		"runtime" : 126,
		"movie_status" : "Released",
		"vote_average" : 6.9,
		"vote_count" : 336
	},
	{
		"movie_key" : 9954,
		"company_id" : 127,
		"title" : "The Covenant",
		"budget" : 20000000,
		"popularity" : 15.804814,
		"release_date" : "2006-09-08",
		"revenue" : 37597471,
		"runtime" : 97,
		"movie_status" : "Released",
		"vote_average" : 5.2,
		"vote_count" : 288
	},
	{
		"movie_key" : 9955,
		"company_id" : 7,
		"title" : "Blades of Glory",
		"budget" : 53000000,
		"popularity" : 19.412028,
		"release_date" : "2007-03-30",
		"revenue" : 0,
		"runtime" : 93,
		"movie_status" : "Released",
		"vote_average" : 5.9,
		"vote_count" : 569
	},
	{
		"movie_key" : 9981,
		"company_id" : 33,
		"title" : "Kicking & Screaming",
		"budget" : 45000000,
		"popularity" : 8.99269,
		"release_date" : "2005-05-13",
		"revenue" : 56070433,
		"runtime" : 95,
		"movie_status" : "Released",
		"vote_average" : 5.6,
		"vote_count" : 176
	},
	{
		"movie_key" : 9988,
		"company_id" : 2773,
		"title" : "Beerfest",
		"budget" : 17500000,
		"popularity" : 14.304444,
		"release_date" : "2006-08-25",
		"revenue" : 19179969,
		"runtime" : 110,
		"movie_status" : "Released",
		"vote_average" : 5.8,
		"vote_count" : 172
	},
	{
		"movie_key" : 9991,
		"company_id" : 13419,
		"title" : "Mean Machine",
		"budget" : 0,
		"popularity" : 8.816995,
		"release_date" : "2001-12-26",
		"revenue" : 0,
		"runtime" : 99,
		"movie_status" : "Released",
		"vote_average" : 6,
		"vote_count" : 157
	},
	{
		"movie_key" : 10050,
		"company_id" : 53009,
		"title" : "Get Over It",
		"budget" : 10000000,
		"popularity" : 11.592129,
		"release_date" : "2001-03-08",
		"revenue" : 0,
		"runtime" : 87,
		"movie_status" : "Released",
		"vote_average" : 5.5,
		"vote_count" : 75
	},
	{
		"movie_key" : 10074,
		"company_id" : 4,
		"title" : "Hot Rod",
		"budget" : 0,
		"popularity" : 6.309587,
		"release_date" : "2007-08-03",
		"revenue" : 14334401,
		"runtime" : 88,
		"movie_status" : "Released",
		"vote_average" : 6.3,
		"vote_count" : 313
	},
	{
		"movie_key" : 10092,
		"company_id" : 33,
		"title" : "Cry_Wolf",
		"budget" : 1000000,
		"popularity" : 6.926926,
		"release_date" : "2005-09-16",
		"revenue" : 10047674,
		"runtime" : 90,
		"movie_status" : "Released",
		"vote_average" : 5.6,
		"vote_count" : 126
	},
	{
		"movie_key" : 10105,
		"company_id" : 2934,
		"title" : "Saints and Soldiers",
		"budget" : 780000,
		"popularity" : 6.003418,
		"release_date" : "2003-09-11",
		"revenue" : 0,
		"runtime" : 90,
		"movie_status" : "Released",
		"vote_average" : 6.6,
		"vote_count" : 98
	},
	{
		"movie_key" : 10131,
		"company_id" : 12,
		"title" : "A Nightmare on Elm Street 4: The Dream Master",
		"budget" : 7000000,
		"popularity" : 17.113408,
		"release_date" : "1988-08-19",
		"revenue" : 72500000,
		"runtime" : 99,
		"movie_status" : "Released",
		"vote_average" : 5.8,
		"vote_count" : 281
	},
	{
		"movie_key" : 10136,
		"company_id" : 4,
		"title" : "The Golden Child",
		"budget" : 25000000,
		"popularity" : 15.26213,
		"release_date" : "1986-12-12",
		"revenue" : 79817939,
		"runtime" : 94,
		"movie_status" : "Released",
		"vote_average" : 5.6,
		"vote_count" : 304
	},
	{
		"movie_key" : 10138,
		"company_id" : 420,
		"title" : "Iron Man 2",
		"budget" : 200000000,
		"popularity" : 77.300194,
		"release_date" : "2010-04-28",
		"revenue" : 623933331,
		"runtime" : 124,
		"movie_status" : "Released",
		"vote_average" : 6.6,
		"vote_count" : 6849
	},
	{
		"movie_key" : 10139,
		"company_id" : 10146,
		"title" : "Milk",
		"budget" : 20000000,
		"popularity" : 30.909699,
		"release_date" : "2008-11-26",
		"revenue" : 54586584,
		"runtime" : 128,
		"movie_status" : "Released",
		"vote_average" : 7.1,
		"vote_count" : 612
	},
	{
		"movie_key" : 10152,
		"company_id" : 12,
		"title" : "Dumb and Dumberer: When Harry Met Lloyd",
		"budget" : 19000000,
		"popularity" : 15.67747,
		"release_date" : "2003-06-13",
		"revenue" : 39267515,
		"runtime" : 85,
		"movie_status" : "Released",
		"vote_average" : 4.1,
		"vote_count" : 210
	},
	{
		"movie_key" : 10160,
		"company_id" : 12,
		"title" : "A Nightmare on Elm Street 5: The Dream Child",
		"budget" : 8000000,
		"popularity" : 12.654051,
		"release_date" : "1989-08-11",
		"revenue" : 22168359,
		"runtime" : 89,
		"movie_status" : "Released",
		"vote_average" : 5.5,
		"vote_count" : 245
	},
	{
		"movie_key" : 10186,
		"company_id" : 2890,
		"title" : "The Rocker",
		"budget" : 15000000,
		"popularity" : 13.832376,
		"release_date" : "2008-08-20",
		"revenue" : 8762890,
		"runtime" : 102,
		"movie_status" : "Released",
		"vote_average" : 5.6,
		"vote_count" : 156
	},
	{
		"movie_key" : 10187,
		"company_id" : 9195,
		"title" : "Swing Vote",
		"budget" : 21000000,
		"popularity" : 5.815881,
		"release_date" : "2008-08-01",
		"revenue" : 17600000,
		"runtime" : 120,
		"movie_status" : "Released",
		"vote_average" : 5.8,
		"vote_count" : 65
	},
	{
		"movie_key" : 10192,
		"company_id" : 521,
		"title" : "Shrek Forever After",
		"budget" : 165000000,
		"popularity" : 44.041186,
		"release_date" : "2010-05-16",
		"revenue" : 752600867,
		"runtime" : 93,
		"movie_status" : "Released",
		"vote_average" : 6,
		"vote_count" : 1959
	},
	{
		"movie_key" : 10195,
		"company_id" : 420,
		"title" : "Thor",
		"budget" : 150000000,
		"popularity" : 86.493424,
		"release_date" : "2011-04-21",
		"revenue" : 449326618,
		"runtime" : 115,
		"movie_status" : "Released",
		"vote_average" : 6.6,
		"vote_count" : 6525
	},
	{
		"movie_key" : 10199,
		"company_id" : 1163,
		"title" : "The Tale of Despereaux",
		"budget" : 60000000,
		"popularity" : 16.493576,
		"release_date" : "2008-12-19",
		"revenue" : 50877145,
		"runtime" : 93,
		"movie_status" : "Released",
		"vote_average" : 5.8,
		"vote_count" : 258
	},
	{
		"movie_key" : 10223,
		"company_id" : 4,
		"title" : "A Simple Plan",
		"budget" : 0,
		"popularity" : 10.178917,
		"release_date" : "1998-12-11",
		"revenue" : 0,
		"runtime" : 121,
		"movie_status" : "Released",
		"vote_average" : 6.9,
		"vote_count" : 187
	},
	{
		"movie_key" : 10225,
		"company_id" : 4,
		"title" : "Friday the 13th Part VI: Jason Lives",
		"budget" : 3000000,
		"popularity" : 11.158167,
		"release_date" : "1986-08-01",
		"revenue" : 19472057,
		"runtime" : 86,
		"movie_status" : "Released",
		"vote_average" : 5.7,
		"vote_count" : 216
	},
	{
		"movie_key" : 10281,
		"company_id" : 4,
		"title" : "Friday the 13th Part VII: The New Blood",
		"budget" : 2800000,
		"popularity" : 9.070842,
		"release_date" : "1988-05-13",
		"revenue" : 19170001,
		"runtime" : 88,
		"movie_status" : "Released",
		"vote_average" : 5.3,
		"vote_count" : 192
	},
	{
		"movie_key" : 10306,
		"company_id" : 8411,
		"title" : "Poltergeist III",
		"budget" : 10500000,
		"popularity" : 11.225044,
		"release_date" : "1988-06-10",
		"revenue" : 14144000,
		"runtime" : 98,
		"movie_status" : "Released",
		"vote_average" : 4.5,
		"vote_count" : 123
	},
	{
		"movie_key" : 10333,
		"company_id" : 5,
		"title" : "The Prince of Tides",
		"budget" : 30000000,
		"popularity" : 3.845231,
		"release_date" : "1991-12-25",
		"revenue" : 74787599,
		"runtime" : 132,
		"movie_status" : "Released",
		"vote_average" : 5.9,
		"vote_count" : 56
	},
	{
		"movie_key" : 10357,
		"company_id" : 306,
		"title" : "Volcano",
		"budget" : 90000000,
		"popularity" : 19.836124,
		"release_date" : "1997-04-25",
		"revenue" : 0,
		"runtime" : 104,
		"movie_status" : "Released",
		"vote_average" : 5.2,
		"vote_count" : 376
	},
	{
		"movie_key" : 10375,
		"company_id" : 33,
		"title" : "D-Tox",
		"budget" : 55000000,
		"popularity" : 12.669778,
		"release_date" : "2002-01-04",
		"revenue" : 6416302,
		"runtime" : 96,
		"movie_status" : "Released",
		"vote_average" : 5.3,
		"vote_count" : 123
	},
	{
		"movie_key" : 10383,
		"company_id" : 12,
		"title" : "Lost Souls",
		"budget" : 0,
		"popularity" : 3.312385,
		"release_date" : "2000-10-13",
		"revenue" : 0,
		"runtime" : 97,
		"movie_status" : "Released",
		"vote_average" : 4.5,
		"vote_count" : 38
	},
	{
		"movie_key" : 10386,
		"company_id" : 2785,
		"title" : "The Iron Giant",
		"budget" : 70000000,
		"popularity" : 61.245957,
		"release_date" : "1999-08-06",
		"revenue" : 23159305,
		"runtime" : 86,
		"movie_status" : "Released",
		"vote_average" : 7.6,
		"vote_count" : 1436
	},
	{
		"movie_key" : 10388,
		"company_id" : 2188,
		"title" : "The Limey",
		"budget" : 10000000,
		"popularity" : 8.902102,
		"release_date" : "1999-05-15",
		"revenue" : 3193102,
		"runtime" : 89,
		"movie_status" : "Released",
		"vote_average" : 6.6,
		"vote_count" : 105
	},
	{
		"movie_key" : 10393,
		"company_id" : 6194,
		"title" : "The Replacements",
		"budget" : 0,
		"popularity" : 14.837288,
		"release_date" : "2000-08-07",
		"revenue" : 0,
		"runtime" : 118,
		"movie_status" : "Released",
		"vote_average" : 6.1,
		"vote_count" : 203
	},
	{
		"movie_key" : 10395,
		"company_id" : 5,
		"title" : "Wolf",
		"budget" : 0,
		"popularity" : 13.758526,
		"release_date" : "1994-06-17",
		"revenue" : 0,
		"runtime" : 125,
		"movie_status" : "Released",
		"vote_average" : 6,
		"vote_count" : 216
	},
	{
		"movie_key" : 10398,
		"company_id" : 4,
		"title" : "Double Jeopardy",
		"budget" : 70000000,
		"popularity" : 19.439386,
		"release_date" : "1999-09-24",
		"revenue" : 177841558,
		"runtime" : 105,
		"movie_status" : "Released",
		"vote_average" : 6.2,
		"vote_count" : 278
	},
	{
		"movie_key" : 10413,
		"company_id" : 5,
		"title" : "Nowhere to Run",
		"budget" : 0,
		"popularity" : 11.689337,
		"release_date" : "1993-01-15",
		"revenue" : 0,
		"runtime" : 94,
		"movie_status" : "Released",
		"vote_average" : 5.5,
		"vote_count" : 119
	},
	{
		"movie_key" : 10414,
		"company_id" : 5888,
		"title" : "The Mighty Ducks",
		"budget" : 10000000,
		"popularity" : 8.932837,
		"release_date" : "1992-10-01",
		"revenue" : 50752337,
		"runtime" : 101,
		"movie_status" : "Released",
		"vote_average" : 6.4,
		"vote_count" : 198
	},
	{
		"movie_key" : 10416,
		"company_id" : 5,
		"title" : "What Planet Are You From?",
		"budget" : 60000000,
		"popularity" : 2.275331,
		"release_date" : "2000-03-03",
		"revenue" : 0,
		"runtime" : 105,
		"movie_status" : "Released",
		"vote_average" : 5.4,
		"vote_count" : 37
	},
	{
		"movie_key" : 10426,
		"company_id" : 12,
		"title" : "Friday After Next",
		"budget" : 20000000,
		"popularity" : 7.499639,
		"release_date" : "2002-11-22",
		"revenue" : 33526835,
		"runtime" : 85,
		"movie_status" : "Released",
		"vote_average" : 6,
		"vote_count" : 100
	},
	{
		"movie_key" : 10436,
		"company_id" : 5,
		"title" : "The Age of Innocence",
		"budget" : 34000000,
		"popularity" : 9.133747,
		"release_date" : "1993-09-17",
		"revenue" : 32255440,
		"runtime" : 139,
		"movie_status" : "Released",
		"vote_average" : 7,
		"vote_count" : 169
	},
	{
		"movie_key" : 10439,
		"company_id" : 2,
		"title" : "Hocus Pocus",
		"budget" : 28000000,
		"popularity" : 18.650748,
		"release_date" : "1993-07-16",
		"revenue" : 39514713,
		"runtime" : 96,
		"movie_status" : "Released",
		"vote_average" : 6.4,
		"vote_count" : 471
	},
	{
		"movie_key" : 10468,
		"company_id" : 5,
		"title" : "28 Days",
		"budget" : 43000000,
		"popularity" : 5.418921,
		"release_date" : "2000-04-06",
		"revenue" : 0,
		"runtime" : 103,
		"movie_status" : "Released",
		"vote_average" : 6,
		"vote_count" : 208
	},
	{
		"movie_key" : 10471,
		"company_id" : 12,
		"title" : "Next Friday",
		"budget" : 11000000,
		"popularity" : 9.337388,
		"release_date" : "2000-01-12",
		"revenue" : 59827328,
		"runtime" : 98,
		"movie_status" : "Released",
		"vote_average" : 6.4,
		"vote_count" : 135
	},
	{
		"movie_key" : 10472,
		"company_id" : 14,
		"title" : "Down to You",
		"budget" : 9000000,
		"popularity" : 3.269459,
		"release_date" : "2000-01-21",
		"revenue" : 0,
		"runtime" : 91,
		"movie_status" : "Released",
		"vote_average" : 4.9,
		"vote_count" : 70
	},
	{
		"movie_key" : 10476,
		"company_id" : 746,
		"title" : "Hustle & Flow",
		"budget" : 8000000,
		"popularity" : 6.39503,
		"release_date" : "2005-07-22",
		"revenue" : 23563727,
		"runtime" : 116,
		"movie_status" : "Released",
		"vote_average" : 6.9,
		"vote_count" : 99
	},
	{
		"movie_key" : 10488,
		"company_id" : 10221,
		"title" : "Nim's Island",
		"budget" : 37000000,
		"popularity" : 14.353279,
		"release_date" : "2008-04-03",
		"revenue" : 100076342,
		"runtime" : 96,
		"movie_status" : "Released",
		"vote_average" : 5.6,
		"vote_count" : 330
	},
	{
		"movie_key" : 10496,
		"company_id" : 769,
		"title" : "Bats",
		"budget" : 0,
		"popularity" : 1.537859,
		"release_date" : "1999-10-22",
		"revenue" : 10,
		"runtime" : 91,
		"movie_status" : "Released",
		"vote_average" : 4.1,
		"vote_count" : 35
	},
	{
		"movie_key" : 10514,
		"company_id" : 33,
		"title" : "The Andromeda Strain",
		"budget" : 6500000,
		"popularity" : 12.524953,
		"release_date" : "1971-03-12",
		"revenue" : 12376563,
		"runtime" : 131,
		"movie_status" : "Released",
		"vote_average" : 7,
		"vote_count" : 190
	},
	{
		"movie_key" : 10527,
		"company_id" : 521,
		"title" : "Madagascar: Escape 2 Africa",
		"budget" : 150000000,
		"popularity" : 44.141021,
		"release_date" : "2008-10-30",
		"revenue" : 603900354,
		"runtime" : 89,
		"movie_status" : "Released",
		"vote_average" : 6.2,
		"vote_count" : 1810
	},
	{
		"movie_key" : 10535,
		"company_id" : 915,
		"title" : "Spy Hard",
		"budget" : 18000000,
		"popularity" : 11.238522,
		"release_date" : "1996-05-24",
		"revenue" : 0,
		"runtime" : 81,
		"movie_status" : "Released",
		"vote_average" : 4.9,
		"vote_count" : 147
	},
	{
		"movie_key" : 10545,
		"company_id" : 2,
		"title" : "The Hunchback of Notre Dame",
		"budget" : 100000000,
		"popularity" : 46.727941,
		"release_date" : "1996-06-21",
		"revenue" : 100138851,
		"runtime" : 91,
		"movie_status" : "Released",
		"vote_average" : 6.8,
		"vote_count" : 1129
	},
	{
		"movie_key" : 10559,
		"company_id" : 12,
		"title" : "Frequency",
		"budget" : 31000000,
		"popularity" : 19.258041,
		"release_date" : "2000-04-28",
		"revenue" : 68106245,
		"runtime" : 118,
		"movie_status" : "Released",
		"vote_average" : 7,
		"vote_count" : 462
	},
	{
		"movie_key" : 10560,
		"company_id" : 5,
		"title" : "Center Stage",
		"budget" : 18000000,
		"popularity" : 6.961736,
		"release_date" : "2000-05-12",
		"revenue" : 17200925,
		"runtime" : 115,
		"movie_status" : "Released",
		"vote_average" : 6.8,
		"vote_count" : 90
	},
	{
		"movie_key" : 10569,
		"company_id" : 27,
		"title" : "Small Time Crooks",
		"budget" : 0,
		"popularity" : 11.423533,
		"release_date" : "2000-05-19",
		"revenue" : 0,
		"runtime" : 94,
		"movie_status" : "Released",
		"vote_average" : 6.4,
		"vote_count" : 155
	},
	{
		"movie_key" : 10571,
		"company_id" : 13158,
		"title" : "Boys and Girls",
		"budget" : 16000000,
		"popularity" : 9.119797,
		"release_date" : "2000-06-16",
		"revenue" : 20627372,
		"runtime" : 94,
		"movie_status" : "Released",
		"vote_average" : 5.4,
		"vote_count" : 103
	},
	{
		"movie_key" : 10585,
		"company_id" : 60,
		"title" : "Child's Play",
		"budget" : 9000000,
		"popularity" : 27.600843,
		"release_date" : "1988-11-08",
		"revenue" : 44196684,
		"runtime" : 87,
		"movie_status" : "Released",
		"vote_average" : 6.3,
		"vote_count" : 581
	},
	{
		"movie_key" : 10611,
		"company_id" : 8411,
		"title" : "Barbershop",
		"budget" : 12000000,
		"popularity" : 10.297189,
		"release_date" : "2002-04-01",
		"revenue" : 75781642,
		"runtime" : 102,
		"movie_status" : "Released",
		"vote_average" : 6.2,
		"vote_count" : 137
	},
	{
		"movie_key" : 10622,
		"company_id" : 2521,
		"title" : "一個好人",
		"budget" : 12716953,
		"popularity" : 7.077505,
		"release_date" : "1997-01-31",
		"revenue" : 18814720,
		"runtime" : 113,
		"movie_status" : "Released",
		"vote_average" : 6.3,
		"vote_count" : 128
	},
	{
		"movie_key" : 10634,
		"company_id" : 12,
		"title" : "Friday",
		"budget" : 3500000,
		"popularity" : 25.5748,
		"release_date" : "1995-04-26",
		"revenue" : 28215918,
		"runtime" : 91,
		"movie_status" : "Released",
		"vote_average" : 7,
		"vote_count" : 503
	},
	{
		"movie_key" : 10642,
		"company_id" : 5,
		"title" : "Loser",
		"budget" : 0,
		"popularity" : 5.214408,
		"release_date" : "2000-07-21",
		"revenue" : 0,
		"runtime" : 98,
		"movie_status" : "Released",
		"vote_average" : 5,
		"vote_count" : 120
	},
	{
		"movie_key" : 10643,
		"company_id" : 622,
		"title" : "Gojira ni-sen mireniamu",
		"budget" : 1000000,
		"popularity" : 3.322721,
		"release_date" : "1999-12-11",
		"revenue" : 10037390,
		"runtime" : 107,
		"movie_status" : "Released",
		"vote_average" : 5.9,
		"vote_count" : 43
	},
	{
		"movie_key" : 10656,
		"company_id" : 9,
		"title" : "Subway",
		"budget" : 2000000,
		"popularity" : 5.261065,
		"release_date" : "1985-04-10",
		"revenue" : 390659,
		"runtime" : 104,
		"movie_status" : "Released",
		"vote_average" : 6.3,
		"vote_count" : 86
	},
	{
		"movie_key" : 10663,
		"company_id" : 9195,
		"title" : "The Waterboy",
		"budget" : 23000000,
		"popularity" : 23.839127,
		"release_date" : "1998-11-06",
		"revenue" : 185991646,
		"runtime" : 90,
		"movie_status" : "Released",
		"vote_average" : 5.9,
		"vote_count" : 512
	},
	{
		"movie_key" : 10664,
		"company_id" : 3631,
		"title" : "[REC]²",
		"budget" : 5600000,
		"popularity" : 22.341462,
		"release_date" : "2009-09-15",
		"revenue" : 18469680,
		"runtime" : 85,
		"movie_status" : "Released",
		"vote_average" : 6.4,
		"vote_count" : 489
	},
	{
		"movie_key" : 10673,
		"company_id" : 306,
		"title" : "Wall Street",
		"budget" : 15000000,
		"popularity" : 24.898687,
		"release_date" : "1987-12-10",
		"revenue" : 43848069,
		"runtime" : 126,
		"movie_status" : "Released",
		"vote_average" : 7,
		"vote_count" : 546
	},
	{
		"movie_key" : 10676,
		"company_id" : 33,
		"title" : "Halloween III: Season of the Witch",
		"budget" : 2500000,
		"popularity" : 12.030456,
		"release_date" : "1982-10-22",
		"revenue" : 14400000,
		"runtime" : 98,
		"movie_status" : "Released",
		"vote_average" : 5,
		"vote_count" : 229
	},
	{
		"movie_key" : 10684,
		"company_id" : 711,
		"title" : "Courage Under Fire",
		"budget" : 46000000,
		"popularity" : 12.971122,
		"release_date" : "1996-07-04",
		"revenue" : 100860818,
		"runtime" : 117,
		"movie_status" : "Released",
		"vote_average" : 6.2,
		"vote_count" : 232
	},
	{
		"movie_key" : 10685,
		"company_id" : 33,
		"title" : "The Watcher",
		"budget" : 33000000,
		"popularity" : 7.339908,
		"release_date" : "2000-09-08",
		"revenue" : 0,
		"runtime" : 96,
		"movie_status" : "Released",
		"vote_average" : 4.9,
		"vote_count" : 110
	},
	{
		"movie_key" : 10712,
		"company_id" : 7449,
		"title" : "Far from Heaven",
		"budget" : 13500000,
		"popularity" : 9.982885,
		"release_date" : "2002-09-01",
		"revenue" : 29027914,
		"runtime" : 107,
		"movie_status" : "Released",
		"vote_average" : 6.9,
		"vote_count" : 144
	},
	{
		"movie_key" : 10724,
		"company_id" : 171,
		"title" : "Firefox",
		"budget" : 18000000,
		"popularity" : 8.700565,
		"release_date" : "1982-06-13",
		"revenue" : 70687344,
		"runtime" : 136,
		"movie_status" : "Released",
		"vote_average" : 5.5,
		"vote_count" : 139
	},
	{
		"movie_key" : 10758,
		"company_id" : 24133,
		"title" : "Waitress",
		"budget" : 2000000,
		"popularity" : 9.67299,
		"release_date" : "2007-05-25",
		"revenue" : 22179430,
		"runtime" : 108,
		"movie_status" : "Released",
		"vote_average" : 6.7,
		"vote_count" : 129
	},
	{
		"movie_key" : 10764,
		"company_id" : 7576,
		"title" : "Quantum of Solace",
		"budget" : 200000000,
		"popularity" : 107.928811,
		"release_date" : "2008-10-30",
		"revenue" : 586090727,
		"runtime" : 106,
		"movie_status" : "Released",
		"vote_average" : 6.1,
		"vote_count" : 2965
	},
	{
		"movie_key" : 10765,
		"company_id" : 6194,
		"title" : "Private Benjamin",
		"budget" : 0,
		"popularity" : 12.18838,
		"release_date" : "1980-10-06",
		"revenue" : 0,
		"runtime" : 109,
		"movie_status" : "Released",
		"vote_average" : 6,
		"vote_count" : 102
	},
	{
		"movie_key" : 10776,
		"company_id" : 2956,
		"title" : "Little Shop of Horrors",
		"budget" : 25000000,
		"popularity" : 12.113235,
		"release_date" : "1986-12-19",
		"revenue" : 38748395,
		"runtime" : 94,
		"movie_status" : "Released",
		"vote_average" : 6.6,
		"vote_count" : 384
	},
	{
		"movie_key" : 10800,
		"company_id" : 2613,
		"title" : "Chasseurs de dragons",
		"budget" : 15000000,
		"popularity" : 8.884405,
		"release_date" : "2008-03-19",
		"revenue" : 0,
		"runtime" : 80,
		"movie_status" : "Released",
		"vote_average" : 6.5,
		"vote_count" : 129
	},
	{
		"movie_key" : 10803,
		"company_id" : 8411,
		"title" : "Logan's Run",
		"budget" : 9000000,
		"popularity" : 12.268143,
		"release_date" : "1976-06-23",
		"revenue" : 25000000,
		"runtime" : 119,
		"movie_status" : "Released",
		"vote_average" : 6.6,
		"vote_count" : 269
	},
	{
		"movie_key" : 10861,
		"company_id" : 5,
		"title" : "Maximum Risk",
		"budget" : 25000000,
		"popularity" : 10.115011,
		"release_date" : "1996-09-13",
		"revenue" : 51702483,
		"runtime" : 100,
		"movie_status" : "Released",
		"vote_average" : 5.2,
		"vote_count" : 101
	},
	{
		"movie_key" : 10873,
		"company_id" : 831,
		"title" : "Shadow of the Vampire",
		"budget" : 8000000,
		"popularity" : 5.93923,
		"release_date" : "2000-05-15",
		"revenue" : 8279017,
		"runtime" : 92,
		"movie_status" : "Released",
		"vote_average" : 6.6,
		"vote_count" : 148
	},
	{
		"movie_key" : 10890,
		"company_id" : 5848,
		"title" : "Stripes",
		"budget" : 10000000,
		"popularity" : 10.892398,
		"release_date" : "1981-06-25",
		"revenue" : 85300000,
		"runtime" : 106,
		"movie_status" : "Released",
		"vote_average" : 6.5,
		"vote_count" : 249
	},
	{
		"movie_key" : 10914,
		"company_id" : 2649,
		"title" : "All Hat",
		"budget" : 0,
		"popularity" : 0.137535,
		"release_date" : "2007-09-11",
		"revenue" : 0,
		"runtime" : 89,
		"movie_status" : "Released",
		"vote_average" : 1,
		"vote_count" : 1
	},
	{
		"movie_key" : 10947,
		"company_id" : 3213,
		"title" : "High School Musical",
		"budget" : 4200000,
		"popularity" : 16.536374,
		"release_date" : "2006-01-20",
		"revenue" : 0,
		"runtime" : 98,
		"movie_status" : "Released",
		"vote_average" : 6.1,
		"vote_count" : 1000
	},
	{
		"movie_key" : 10950,
		"company_id" : 12,
		"title" : "I Am Sam",
		"budget" : 22000000,
		"popularity" : 26.071644,
		"release_date" : "2001-12-28",
		"revenue" : 92542418,
		"runtime" : 132,
		"movie_status" : "Released",
		"vote_average" : 7.2,
		"vote_count" : 530
	},
	{
		"movie_key" : 10970,
		"company_id" : 1296,
		"title" : "Silent Movie",
		"budget" : 0,
		"popularity" : 7.315935,
		"release_date" : "1976-06-17",
		"revenue" : 0,
		"runtime" : 86,
		"movie_status" : "Released",
		"vote_average" : 6.7,
		"vote_count" : 78
	},
	{
		"movie_key" : 10987,
		"company_id" : 14,
		"title" : "Halloween: The Curse of Michael Myers",
		"budget" : 5000000,
		"popularity" : 9.483717,
		"release_date" : "1995-09-29",
		"revenue" : 15116634,
		"runtime" : 88,
		"movie_status" : "Released",
		"vote_average" : 5,
		"vote_count" : 170
	},
	{
		"movie_key" : 10998,
		"company_id" : 4,
		"title" : "Fatal Attraction",
		"budget" : 14000000,
		"popularity" : 16.742972,
		"release_date" : "1987-09-11",
		"revenue" : 320145693,
		"runtime" : 119,
		"movie_status" : "Released",
		"vote_average" : 6.6,
		"vote_count" : 291
	},
	{
		"movie_key" : 11001,
		"company_id" : 5,
		"title" : "Blue Streak",
		"budget" : 65000000,
		"popularity" : 16.865782,
		"release_date" : "1999-09-17",
		"revenue" : 117758500,
		"runtime" : 93,
		"movie_status" : "Released",
		"vote_average" : 6.1,
		"vote_count" : 352
	},
	{
		"movie_key" : 11036,
		"company_id" : 12,
		"title" : "The Notebook",
		"budget" : 29000000,
		"popularity" : 55.109138,
		"release_date" : "2004-06-25",
		"revenue" : 115603229,
		"runtime" : 123,
		"movie_status" : "Released",
		"vote_average" : 7.7,
		"vote_count" : 3067
	},
	{
		"movie_key" : 11066,
		"company_id" : 4,
		"title" : "Boomerang",
		"budget" : 40000000,
		"popularity" : 6.420434,
		"release_date" : "1992-06-30",
		"revenue" : 70100000,
		"runtime" : 117,
		"movie_status" : "Released",
		"vote_average" : 5.4,
		"vote_count" : 134
	},
	{
		"movie_key" : 11091,
		"company_id" : 5,
		"title" : "Riding in Cars with Boys",
		"budget" : 48000000,
		"popularity" : 7.226115,
		"release_date" : "2001-10-19",
		"revenue" : 35743308,
		"runtime" : 132,
		"movie_status" : "Released",
		"vote_average" : 6.5,
		"vote_count" : 103
	},
	{
		"movie_key" : 11113,
		"company_id" : 6194,
		"title" : "My Fair Lady",
		"budget" : 17000000,
		"popularity" : 20.786616,
		"release_date" : "1964-10-21",
		"revenue" : 72070731,
		"runtime" : 170,
		"movie_status" : "Released",
		"vote_average" : 7.4,
		"vote_count" : 352
	},
	{
		"movie_key" : 11129,
		"company_id" : 2920,
		"title" : "Human Traffic",
		"budget" : 600000,
		"popularity" : 4.859873,
		"release_date" : "1999-06-04",
		"revenue" : 4000000,
		"runtime" : 99,
		"movie_status" : "Released",
		"vote_average" : 6.8,
		"vote_count" : 97
	},
	{
		"movie_key" : 11130,
		"company_id" : 2,
		"title" : "The Princess Diaries 2: Royal Engagement",
		"budget" : 40000000,
		"popularity" : 30.002907,
		"release_date" : "2004-08-06",
		"revenue" : 95149435,
		"runtime" : 113,
		"movie_status" : "Released",
		"vote_average" : 6,
		"vote_count" : 697
	},
	{
		"movie_key" : 11132,
		"company_id" : 2,
		"title" : "Confessions of a Teenage Drama Queen",
		"budget" : 15000000,
		"popularity" : 7.424798,
		"release_date" : "2004-02-17",
		"revenue" : 29331068,
		"runtime" : 89,
		"movie_status" : "Released",
		"vote_average" : 5.1,
		"vote_count" : 221
	},
	{
		"movie_key" : 11153,
		"company_id" : 6194,
		"title" : "National Lampoon's Vacation",
		"budget" : 15000000,
		"popularity" : 22.838834,
		"release_date" : "1983-07-28",
		"revenue" : 61399552,
		"runtime" : 98,
		"movie_status" : "Released",
		"vote_average" : 7.1,
		"vote_count" : 410
	},
	{
		"movie_key" : 11162,
		"company_id" : 1727,
		"title" : "The Merchant of Venice",
		"budget" : 0,
		"popularity" : 12.467267,
		"release_date" : "2004-09-03",
		"revenue" : 0,
		"runtime" : 138,
		"movie_status" : "Released",
		"vote_average" : 6.7,
		"vote_count" : 144
	},
	{
		"movie_key" : 11165,
		"company_id" : 306,
		"title" : "Tora! Tora! Tora!",
		"budget" : 25485000,
		"popularity" : 9.795985,
		"release_date" : "1970-01-26",
		"revenue" : 29548291,
		"runtime" : 144,
		"movie_status" : "Released",
		"vote_average" : 6.9,
		"vote_count" : 147
	},
	{
		"movie_key" : 11186,
		"company_id" : 33,
		"title" : "Child's Play 2",
		"budget" : 13000000,
		"popularity" : 16.681567,
		"release_date" : "1990-11-09",
		"revenue" : 35763605,
		"runtime" : 84,
		"movie_status" : "Released",
		"vote_average" : 5.8,
		"vote_count" : 308
	},
	{
		"movie_key" : 11190,
		"company_id" : 19802,
		"title" : "Возвращение",
		"budget" : 0,
		"popularity" : 7.744166,
		"release_date" : "2003-06-25",
		"revenue" : 0,
		"runtime" : 105,
		"movie_status" : "Released",
		"vote_average" : 7.4,
		"vote_count" : 100
	},
	{
		"movie_key" : 11202,
		"company_id" : 306,
		"title" : "Patton",
		"budget" : 12000000,
		"popularity" : 21.933822,
		"release_date" : "1970-01-25",
		"revenue" : 89800000,
		"runtime" : 172,
		"movie_status" : "Released",
		"vote_average" : 7.3,
		"vote_count" : 323
	},
	{
		"movie_key" : 11212,
		"company_id" : 306,
		"title" : "Baby's Day Out",
		"budget" : 50000000,
		"popularity" : 21.312186,
		"release_date" : "1994-07-01",
		"revenue" : 16671505,
		"runtime" : 99,
		"movie_status" : "Released",
		"vote_average" : 5.8,
		"vote_count" : 274
	},
	{
		"movie_key" : 11249,
		"company_id" : 134,
		"title" : "Seed of Chucky",
		"budget" : 12000000,
		"popularity" : 12.653831,
		"release_date" : "2004-11-11",
		"revenue" : 24829644,
		"runtime" : 87,
		"movie_status" : "Released",
		"vote_average" : 4.9,
		"vote_count" : 287
	},
	{
		"movie_key" : 11282,
		"company_id" : 12,
		"title" : "Harold & Kumar Go to White Castle",
		"budget" : 9000000,
		"popularity" : 18.514292,
		"release_date" : "2004-05-30",
		"revenue" : 23936908,
		"runtime" : 88,
		"movie_status" : "Released",
		"vote_average" : 6.6,
		"vote_count" : 693
	},
	{
		"movie_key" : 11284,
		"company_id" : 12,
		"title" : "Freddy's Dead: The Final Nightmare",
		"budget" : 11000000,
		"popularity" : 16.856231,
		"release_date" : "1991-09-05",
		"revenue" : 34872033,
		"runtime" : 89,
		"movie_status" : "Released",
		"vote_average" : 5.1,
		"vote_count" : 272
	},
	{
		"movie_key" : 11313,
		"company_id" : 97,
		"title" : "Hearts in Atlantis",
		"budget" : 31000000,
		"popularity" : 7.06762,
		"release_date" : "2001-09-07",
		"revenue" : 24185781,
		"runtime" : 101,
		"movie_status" : "Released",
		"vote_average" : 6.4,
		"vote_count" : 131
	},
	{
		"movie_key" : 11342,
		"company_id" : 1950,
		"title" : "Warlock",
		"budget" : 7000000,
		"popularity" : 9.887662,
		"release_date" : "1989-06-01",
		"revenue" : 0,
		"runtime" : 103,
		"movie_status" : "Released",
		"vote_average" : 5.8,
		"vote_count" : 95
	},
	{
		"movie_key" : 11353,
		"company_id" : 33,
		"title" : "Bowfinger",
		"budget" : 55000000,
		"popularity" : 13.191829,
		"release_date" : "1999-08-12",
		"revenue" : 0,
		"runtime" : 97,
		"movie_status" : "Released",
		"vote_average" : 6,
		"vote_count" : 254
	},
	{
		"movie_key" : 11354,
		"company_id" : 12,
		"title" : "The Upside of Anger",
		"budget" : 0,
		"popularity" : 6.2464,
		"release_date" : "2005-01-23",
		"revenue" : 0,
		"runtime" : 118,
		"movie_status" : "Released",
		"vote_average" : 6.4,
		"vote_count" : 72
	},
	{
		"movie_key" : 11357,
		"company_id" : 7405,
		"title" : "Halloween 4: The Return of Michael Myers",
		"budget" : 5000000,
		"popularity" : 9.302349,
		"release_date" : "1988-10-21",
		"revenue" : 17768757,
		"runtime" : 88,
		"movie_status" : "Released",
		"vote_average" : 5.9,
		"vote_count" : 209
	},
	{
		"movie_key" : 11361,
		"company_id" : 4351,
		"title" : "Halloween 5: The Revenge of Michael Myers",
		"budget" : 5000000,
		"popularity" : 8.008844,
		"release_date" : "1989-10-12",
		"revenue" : 11642254,
		"runtime" : 96,
		"movie_status" : "Released",
		"vote_average" : 5.2,
		"vote_count" : 183
	},
	{
		"movie_key" : 11363,
		"company_id" : 43,
		"title" : "She's the One",
		"budget" : 3500000,
		"popularity" : 8.406025,
		"release_date" : "1996-08-26",
		"revenue" : 9482579,
		"runtime" : 96,
		"movie_status" : "Released",
		"vote_average" : 5.7,
		"vote_count" : 70
	},
	{
		"movie_key" : 11382,
		"company_id" : 14,
		"title" : "Bullets Over Broadway",
		"budget" : 0,
		"popularity" : 7.829295,
		"release_date" : "1994-10-14",
		"revenue" : 0,
		"runtime" : 98,
		"movie_status" : "Released",
		"vote_average" : 7,
		"vote_count" : 130
	},
	{
		"movie_key" : 11426,
		"company_id" : 441,
		"title" : "From Here to Eternity",
		"budget" : 1650000,
		"popularity" : 6.915201,
		"release_date" : "1953-08-04",
		"revenue" : 30500000,
		"runtime" : 118,
		"movie_status" : "Released",
		"vote_average" : 7.2,
		"vote_count" : 133
	},
	{
		"movie_key" : 11442,
		"company_id" : 7405,
		"title" : "Halloween: Resurrection",
		"budget" : 13000000,
		"popularity" : 11.045593,
		"release_date" : "2002-07-01",
		"revenue" : 37664855,
		"runtime" : 94,
		"movie_status" : "Released",
		"vote_average" : 4.5,
		"vote_count" : 228
	},
	{
		"movie_key" : 11456,
		"company_id" : 4,
		"title" : "Domestic Disturbance",
		"budget" : 75000000,
		"popularity" : 8.41856,
		"release_date" : "2001-10-30",
		"revenue" : 54249294,
		"runtime" : 89,
		"movie_status" : "Released",
		"vote_average" : 5.4,
		"vote_count" : 113
	},
	{
		"movie_key" : 11457,
		"company_id" : 12,
		"title" : "Life as a House",
		"budget" : 18000000,
		"popularity" : 5.706767,
		"release_date" : "2001-10-25",
		"revenue" : 0,
		"runtime" : 125,
		"movie_status" : "Released",
		"vote_average" : 7.2,
		"vote_count" : 120
	},
	{
		"movie_key" : 11509,
		"company_id" : 5,
		"title" : "Silverado",
		"budget" : 26000000,
		"popularity" : 10.981038,
		"release_date" : "1985-07-10",
		"revenue" : 0,
		"runtime" : 127,
		"movie_status" : "Released",
		"vote_average" : 7.1,
		"vote_count" : 146
	},
	{
		"movie_key" : 11517,
		"company_id" : 5,
		"title" : "Money Train",
		"budget" : 60000000,
		"popularity" : 10.004564,
		"release_date" : "1995-11-21",
		"revenue" : 35431113,
		"runtime" : 103,
		"movie_status" : "Released",
		"vote_average" : 5.4,
		"vote_count" : 222
	},
	{
		"movie_key" : 11529,
		"company_id" : 9195,
		"title" : "Sweet Home Alabama",
		"budget" : 30000000,
		"popularity" : 18.256028,
		"release_date" : "2002-09-26",
		"revenue" : 180622424,
		"runtime" : 108,
		"movie_status" : "Released",
		"vote_average" : 6,
		"vote_count" : 394
	},
	{
		"movie_key" : 11545,
		"company_id" : 9195,
		"title" : "Rushmore",
		"budget" : 9000000,
		"popularity" : 18.289303,
		"release_date" : "1998-09-17",
		"revenue" : 17096053,
		"runtime" : 93,
		"movie_status" : "Released",
		"vote_average" : 7.5,
		"vote_count" : 676
	},
	{
		"movie_key" : 11546,
		"company_id" : 6194,
		"title" : "Police Academy: Mission to Moscow",
		"budget" : 0,
		"popularity" : 11.946898,
		"release_date" : "1994-06-09",
		"revenue" : 126247,
		"runtime" : 83,
		"movie_status" : "Released",
		"vote_average" : 4.1,
		"vote_count" : 178
	},
	{
		"movie_key" : 11561,
		"company_id" : 13954,
		"title" : "Sleeper",
		"budget" : 2000000,
		"popularity" : 10.664202,
		"release_date" : "1973-12-17",
		"revenue" : 18344729,
		"runtime" : 89,
		"movie_status" : "Released",
		"vote_average" : 7,
		"vote_count" : 200
	},
	{
		"movie_key" : 11564,
		"company_id" : 12616,
		"title" : "Class of 1984",
		"budget" : 4300000,
		"popularity" : 5.643023,
		"release_date" : "1982-08-20",
		"revenue" : 0,
		"runtime" : 98,
		"movie_status" : "Released",
		"vote_average" : 6.2,
		"vote_count" : 66
	},
	{
		"movie_key" : 11577,
		"company_id" : 8411,
		"title" : "Pat Garrett & Billy the Kid",
		"budget" : 4638783,
		"popularity" : 4.495256,
		"release_date" : "1973-05-23",
		"revenue" : 11000000,
		"runtime" : 106,
		"movie_status" : "Released",
		"vote_average" : 7.2,
		"vote_count" : 65
	},
	{
		"movie_key" : 11586,
		"company_id" : 6194,
		"title" : "Exorcist II: The Heretic",
		"budget" : 14000000,
		"popularity" : 11.543363,
		"release_date" : "1977-06-17",
		"revenue" : 30749142,
		"runtime" : 118,
		"movie_status" : "Released",
		"vote_average" : 4.5,
		"vote_count" : 133
	},
	{
		"movie_key" : 11596,
		"company_id" : 12,
		"title" : "New Nightmare",
		"budget" : 14000000,
		"popularity" : 14.730796,
		"release_date" : "1994-10-13",
		"revenue" : 18090181,
		"runtime" : 112,
		"movie_status" : "Released",
		"vote_average" : 6.4,
		"vote_count" : 291
	},
	{
		"movie_key" : 11598,
		"company_id" : 3894,
		"title" : "The Kentucky Fried Movie",
		"budget" : 600000,
		"popularity" : 10.861167,
		"release_date" : "1977-08-10",
		"revenue" : 0,
		"runtime" : 83,
		"movie_status" : "Released",
		"vote_average" : 6.4,
		"vote_count" : 66
	},
	{
		"movie_key" : 11601,
		"company_id" : 2188,
		"title" : "Stir of Echoes",
		"budget" : 12000000,
		"popularity" : 6.044161,
		"release_date" : "1999-09-10",
		"revenue" : 21133087,
		"runtime" : 99,
		"movie_status" : "Released",
		"vote_average" : 6.5,
		"vote_count" : 330
	},
	{
		"movie_key" : 11620,
		"company_id" : 8411,
		"title" : "Quo Vadis",
		"budget" : 8250000,
		"popularity" : 7.973109,
		"release_date" : "1951-11-08",
		"revenue" : 30000000,
		"runtime" : 171,
		"movie_status" : "Released",
		"vote_average" : 7,
		"vote_count" : 63
	},
	{
		"movie_key" : 11624,
		"company_id" : 60,
		"title" : "Everything You Always Wanted to Know About Sex *But Were Afraid to Ask",
		"budget" : 2000000,
		"popularity" : 13.223111,
		"release_date" : "1972-08-06",
		"revenue" : 18016290,
		"runtime" : 88,
		"movie_status" : "Released",
		"vote_average" : 6.6,
		"vote_count" : 215
	},
	{
		"movie_key" : 11644,
		"company_id" : 1819,
		"title" : "Blow Out",
		"budget" : 18000000,
		"popularity" : 13.628601,
		"release_date" : "1981-07-24",
		"revenue" : 12000000,
		"runtime" : 108,
		"movie_status" : "Released",
		"vote_average" : 7.3,
		"vote_count" : 236
	},
	{
		"movie_key" : 11658,
		"company_id" : 11420,
		"title" : "태극기 휘날리며",
		"budget" : 0,
		"popularity" : 9.572705,
		"release_date" : "2004-02-05",
		"revenue" : 15,
		"runtime" : 140,
		"movie_status" : "Released",
		"vote_average" : 7.4,
		"vote_count" : 133
	},
	{
		"movie_key" : 11676,
		"company_id" : 9195,
		"title" : "Nothing to Lose",
		"budget" : 25000000,
		"popularity" : 8.618208,
		"release_date" : "1997-07-18",
		"revenue" : 0,
		"runtime" : 97,
		"movie_status" : "Released",
		"vote_average" : 6.3,
		"vote_count" : 174
	},
	{
		"movie_key" : 11690,
		"company_id" : 4110,
		"title" : "Bloodsport",
		"budget" : 1500000,
		"popularity" : 17.49699,
		"release_date" : "1988-02-26",
		"revenue" : 11806119,
		"runtime" : 92,
		"movie_status" : "Released",
		"vote_average" : 6.6,
		"vote_count" : 363
	},
	{
		"movie_key" : 11702,
		"company_id" : 441,
		"title" : "The Replacement Killers",
		"budget" : 30000000,
		"popularity" : 9.607391,
		"release_date" : "1998-02-06",
		"revenue" : 19204929,
		"runtime" : 87,
		"movie_status" : "Released",
		"vote_average" : 6,
		"vote_count" : 127
	},
	{
		"movie_key" : 11812,
		"company_id" : 85,
		"title" : "The Sweetest Thing",
		"budget" : 43000000,
		"popularity" : 18.65632,
		"release_date" : "2002-04-12",
		"revenue" : 68696770,
		"runtime" : 84,
		"movie_status" : "Released",
		"vote_average" : 5.3,
		"vote_count" : 280
	},
	{
		"movie_key" : 11817,
		"company_id" : 8411,
		"title" : "Bulletproof Monk",
		"budget" : 52000000,
		"popularity" : 15.20707,
		"release_date" : "2003-03-28",
		"revenue" : 0,
		"runtime" : 104,
		"movie_status" : "Released",
		"vote_average" : 5.1,
		"vote_count" : 278
	},
	{
		"movie_key" : 11818,
		"company_id" : 58135,
		"title" : "Kurtlar vadisi - Irak",
		"budget" : 10000000,
		"popularity" : 1.465762,
		"release_date" : "2006-02-03",
		"revenue" : 0,
		"runtime" : 122,
		"movie_status" : "Released",
		"vote_average" : 4.3,
		"vote_count" : 7
	},
	{
		"movie_key" : 11823,
		"company_id" : 33,
		"title" : "Wimbledon",
		"budget" : 31000000,
		"popularity" : 16.736734,
		"release_date" : "2004-09-13",
		"revenue" : 41512007,
		"runtime" : 98,
		"movie_status" : "Released",
		"vote_average" : 6,
		"vote_count" : 293
	},
	{
		"movie_key" : 11827,
		"company_id" : 4952,
		"title" : "Heavy Metal",
		"budget" : 9300000,
		"popularity" : 12.928269,
		"release_date" : "1981-08-07",
		"revenue" : 0,
		"runtime" : 90,
		"movie_status" : "Released",
		"vote_average" : 6.2,
		"vote_count" : 148
	},
	{
		"movie_key" : 11831,
		"company_id" : 27,
		"title" : "Amistad",
		"budget" : 36000000,
		"popularity" : 3.698276,
		"release_date" : "1997-12-03",
		"revenue" : 74000000,
		"runtime" : 155,
		"movie_status" : "Released",
		"vote_average" : 6.8,
		"vote_count" : 316
	},
	{
		"movie_key" : 11863,
		"company_id" : 4,
		"title" : "Jade",
		"budget" : 50000000,
		"popularity" : 8.189406,
		"release_date" : "1995-10-13",
		"revenue" : 9851610,
		"runtime" : 95,
		"movie_status" : "Released",
		"vote_average" : 5.2,
		"vote_count" : 44
	},
	{
		"movie_key" : 11870,
		"company_id" : 33,
		"title" : "Big Fat Liar",
		"budget" : 15000000,
		"popularity" : 9.125594,
		"release_date" : "2002-02-08",
		"revenue" : 52970014,
		"runtime" : 88,
		"movie_status" : "Released",
		"vote_average" : 5.6,
		"vote_count" : 197
	},
	{
		"movie_key" : 11887,
		"company_id" : 2,
		"title" : "High School Musical 3: Senior Year",
		"budget" : 0,
		"popularity" : 21.801188,
		"release_date" : "2008-10-22",
		"revenue" : 0,
		"runtime" : 116,
		"movie_status" : "Released",
		"vote_average" : 6.2,
		"vote_count" : 821
	},
	{
		"movie_key" : 11888,
		"company_id" : 2,
		"title" : "Snow Dogs",
		"budget" : 33000000,
		"popularity" : 13.655735,
		"release_date" : "2002-01-18",
		"revenue" : 0,
		"runtime" : 99,
		"movie_status" : "Released",
		"vote_average" : 5.3,
		"vote_count" : 185
	},
	{
		"movie_key" : 11908,
		"company_id" : 3960,
		"title" : "Hatchet",
		"budget" : 0,
		"popularity" : 12.677016,
		"release_date" : "2006-04-27",
		"revenue" : 0,
		"runtime" : 83,
		"movie_status" : "Released",
		"vote_average" : 5.7,
		"vote_count" : 159
	},
	{
		"movie_key" : 11918,
		"company_id" : 7405,
		"title" : "Superhero Movie",
		"budget" : 35000000,
		"popularity" : 19.088655,
		"release_date" : "2008-03-27",
		"revenue" : 25871834,
		"runtime" : 85,
		"movie_status" : "Released",
		"vote_average" : 4.9,
		"vote_count" : 379
	},
	{
		"movie_key" : 11978,
		"company_id" : 711,
		"title" : "Men of Honor",
		"budget" : 32000000,
		"popularity" : 24.147269,
		"release_date" : "2000-09-13",
		"revenue" : 48814909,
		"runtime" : 129,
		"movie_status" : "Released",
		"vote_average" : 7,
		"vote_count" : 544
	},
	{
		"movie_key" : 11980,
		"company_id" : 7405,
		"title" : "The Prophecy",
		"budget" : 8,
		"popularity" : 11.818333,
		"release_date" : "1995-09-01",
		"revenue" : 16,
		"runtime" : 98,
		"movie_status" : "Released",
		"vote_average" : 6.4,
		"vote_count" : 138
	},
	{
		"movie_key" : 12094,
		"company_id" : 4,
		"title" : "Jackass Number Two",
		"budget" : 11000000,
		"popularity" : 11.227087,
		"release_date" : "2006-09-22",
		"revenue" : 72778712,
		"runtime" : 95,
		"movie_status" : "Released",
		"vote_average" : 6.4,
		"vote_count" : 298
	},
	{
		"movie_key" : 12106,
		"company_id" : 559,
		"title" : "The Quick and the Dead",
		"budget" : 32000000,
		"popularity" : 16.473355,
		"release_date" : "1995-02-09",
		"revenue" : 18552460,
		"runtime" : 107,
		"movie_status" : "Released",
		"vote_average" : 6.3,
		"vote_count" : 427
	},
	{
		"movie_key" : 12150,
		"company_id" : 42,
		"title" : "Sea of Love",
		"budget" : 19000000,
		"popularity" : 11.47316,
		"release_date" : "1989-09-15",
		"revenue" : 110879513,
		"runtime" : 113,
		"movie_status" : "Released",
		"vote_average" : 6.7,
		"vote_count" : 141
	},
	{
		"movie_key" : 12158,
		"company_id" : 4,
		"title" : "Vampire in Brooklyn",
		"budget" : 14000000,
		"popularity" : 6.772615,
		"release_date" : "1995-10-27",
		"revenue" : 19800000,
		"runtime" : 100,
		"movie_status" : "Released",
		"vote_average" : 4.5,
		"vote_count" : 111
	},
	{
		"movie_key" : 12159,
		"company_id" : 1382,
		"title" : "What Dreams May Come",
		"budget" : 85000000,
		"popularity" : 21.891078,
		"release_date" : "1998-10-02",
		"revenue" : 71485043,
		"runtime" : 113,
		"movie_status" : "Released",
		"vote_average" : 6.8,
		"vote_count" : 577
	},
	{
		"movie_key" : 12277,
		"company_id" : 33,
		"title" : "Undercover Brother",
		"budget" : 25000000,
		"popularity" : 6.086083,
		"release_date" : "2002-05-31",
		"revenue" : 41604473,
		"runtime" : 86,
		"movie_status" : "Released",
		"vote_average" : 5.5,
		"vote_count" : 112
	},
	{
		"movie_key" : 12279,
		"company_id" : 7405,
		"title" : "Spy Kids 3-D: Game Over",
		"budget" : 38000000,
		"popularity" : 21.998734,
		"release_date" : "2003-07-25",
		"revenue" : 197011982,
		"runtime" : 84,
		"movie_status" : "Released",
		"vote_average" : 4.7,
		"vote_count" : 511
	},
	{
		"movie_key" : 12281,
		"company_id" : 3095,
		"title" : "Mean Creek",
		"budget" : 500000,
		"popularity" : 8.519202,
		"release_date" : "2004-01-15",
		"revenue" : 603943,
		"runtime" : 90,
		"movie_status" : "Released",
		"vote_average" : 6.9,
		"vote_count" : 106
	},
	{
		"movie_key" : 12400,
		"company_id" : 58,
		"title" : "Redbelt",
		"budget" : 7000000,
		"popularity" : 5.091253,
		"release_date" : "2008-04-07",
		"revenue" : 0,
		"runtime" : 99,
		"movie_status" : "Released",
		"vote_average" : 6.4,
		"vote_count" : 76
	},
	{
		"movie_key" : 12479,
		"company_id" : 915,
		"title" : "Breakfast of Champions",
		"budget" : 12000000,
		"popularity" : 2.695896,
		"release_date" : "1999-02-13",
		"revenue" : 0,
		"runtime" : 110,
		"movie_status" : "Released",
		"vote_average" : 5.2,
		"vote_count" : 28
	},
	{
		"movie_key" : 12486,
		"company_id" : 2679,
		"title" : "Farce of the Penguins",
		"budget" : 0,
		"popularity" : 1.963219,
		"release_date" : "2006-12-01",
		"revenue" : 0,
		"runtime" : 80,
		"movie_status" : "Released",
		"vote_average" : 3.2,
		"vote_count" : 13
	},
	{
		"movie_key" : 12498,
		"company_id" : 14,
		"title" : "Sling Blade",
		"budget" : 1000000,
		"popularity" : 14.805264,
		"release_date" : "1996-08-30",
		"revenue" : 24475416,
		"runtime" : 135,
		"movie_status" : "Released",
		"vote_average" : 7.4,
		"vote_count" : 231
	},
	{
		"movie_key" : 12506,
		"company_id" : 33,
		"title" : "Cry Freedom",
		"budget" : 0,
		"popularity" : 3.735723,
		"release_date" : "1987-11-05",
		"revenue" : 0,
		"runtime" : 157,
		"movie_status" : "Released",
		"vote_average" : 6.9,
		"vote_count" : 51
	},
	{
		"movie_key" : 12569,
		"company_id" : 14,
		"title" : "Extract",
		"budget" : 8000000,
		"popularity" : 14.652342,
		"release_date" : "2009-09-03",
		"revenue" : 10848783,
		"runtime" : 92,
		"movie_status" : "Released",
		"vote_average" : 5.7,
		"vote_count" : 192
	},
	{
		"movie_key" : 12602,
		"company_id" : 5755,
		"title" : "Die Schlangengrube und das Pendel",
		"budget" : 0,
		"popularity" : 1.296784,
		"release_date" : "1967-10-05",
		"revenue" : 0,
		"runtime" : 85,
		"movie_status" : "Released",
		"vote_average" : 6.3,
		"vote_count" : 12
	},
	{
		"movie_key" : 12618,
		"company_id" : 5,
		"title" : "Random Hearts",
		"budget" : 64000000,
		"popularity" : 4.137237,
		"release_date" : "1999-10-08",
		"revenue" : 74608570,
		"runtime" : 133,
		"movie_status" : "Released",
		"vote_average" : 5.3,
		"vote_count" : 63
	},
	{
		"movie_key" : 12657,
		"company_id" : 8411,
		"title" : "Soul Plane",
		"budget" : 16000000,
		"popularity" : 9.400404,
		"release_date" : "2004-05-28",
		"revenue" : 14822346,
		"runtime" : 86,
		"movie_status" : "Released",
		"vote_average" : 4.7,
		"vote_count" : 108
	},
	{
		"movie_key" : 12704,
		"company_id" : 5,
		"title" : "Ishtar",
		"budget" : 55000000,
		"popularity" : 2.410546,
		"release_date" : "1987-05-15",
		"revenue" : 14375181,
		"runtime" : 107,
		"movie_status" : "Released",
		"vote_average" : 4.2,
		"vote_count" : 28
	},
	{
		"movie_key" : 12771,
		"company_id" : 4,
		"title" : "Serving Sara",
		"budget" : 29000000,
		"popularity" : 8.93941,
		"release_date" : "2002-08-20",
		"revenue" : 16930185,
		"runtime" : 100,
		"movie_status" : "Released",
		"vote_average" : 5,
		"vote_count" : 85
	},
	{
		"movie_key" : 13007,
		"company_id" : 35,
		"title" : "Religulous",
		"budget" : 0,
		"popularity" : 9.774126,
		"release_date" : "2008-10-01",
		"revenue" : 0,
		"runtime" : 101,
		"movie_status" : "Released",
		"vote_average" : 7.2,
		"vote_count" : 197
	},
	{
		"movie_key" : 13025,
		"company_id" : 3240,
		"title" : "Diary of the Dead",
		"budget" : 2000000,
		"popularity" : 15.351412,
		"release_date" : "2007-09-08",
		"revenue" : 5364858,
		"runtime" : 95,
		"movie_status" : "Released",
		"vote_average" : 5.4,
		"vote_count" : 190
	},
	{
		"movie_key" : 13053,
		"company_id" : 6125,
		"title" : "Bolt",
		"budget" : 150000000,
		"popularity" : 41.845878,
		"release_date" : "2008-11-21",
		"revenue" : 309979994,
		"runtime" : 98,
		"movie_status" : "Released",
		"vote_average" : 6.3,
		"vote_count" : 1750
	},
	{
		"movie_key" : 13072,
		"company_id" : 136,
		"title" : "Brooklyn Rules",
		"budget" : 8000000,
		"popularity" : 4.090382,
		"release_date" : "2007-04-30",
		"revenue" : 458232,
		"runtime" : 99,
		"movie_status" : "Released",
		"vote_average" : 5.8,
		"vote_count" : 18
	},
	{
		"movie_key" : 13075,
		"company_id" : 4732,
		"title" : "Sherrybaby",
		"budget" : 2000000,
		"popularity" : 4.261509,
		"release_date" : "2006-09-08",
		"revenue" : 622806,
		"runtime" : 96,
		"movie_status" : "Released",
		"vote_average" : 6.3,
		"vote_count" : 41
	},
	{
		"movie_key" : 13079,
		"company_id" : 846,
		"title" : "The Life Before Her Eyes",
		"budget" : 8000000,
		"popularity" : 9.728143,
		"release_date" : "2007-09-08",
		"revenue" : 0,
		"runtime" : 90,
		"movie_status" : "Released",
		"vote_average" : 6.1,
		"vote_count" : 88
	},
	{
		"movie_key" : 13121,
		"company_id" : 3568,
		"title" : "Teeth",
		"budget" : 0,
		"popularity" : 7.359286,
		"release_date" : "2007-01-19",
		"revenue" : 0,
		"runtime" : 94,
		"movie_status" : "Released",
		"vote_average" : 5.2,
		"vote_count" : 210
	},
	{
		"movie_key" : 13132,
		"company_id" : 58,
		"title" : "All the Real Girls",
		"budget" : 0,
		"popularity" : 3.65924,
		"release_date" : "2003-08-01",
		"revenue" : 0,
		"runtime" : 108,
		"movie_status" : "Released",
		"vote_average" : 5.9,
		"vote_count" : 30
	},
	{
		"movie_key" : 13156,
		"company_id" : 12,
		"title" : "Secondhand Lions",
		"budget" : 0,
		"popularity" : 15.011624,
		"release_date" : "2003-09-19",
		"revenue" : 0,
		"runtime" : 111,
		"movie_status" : "Released",
		"vote_average" : 6.9,
		"vote_count" : 260
	},
	{
		"movie_key" : 13173,
		"company_id" : 14576,
		"title" : "The Ten",
		"budget" : 0,
		"popularity" : 3.865122,
		"release_date" : "2007-08-03",
		"revenue" : 0,
		"runtime" : 96,
		"movie_status" : "Released",
		"vote_average" : 4.9,
		"vote_count" : 57
	},
	{
		"movie_key" : 13187,
		"company_id" : 5173,
		"title" : "A Charlie Brown Christmas",
		"budget" : 0,
		"popularity" : 8.701183,
		"release_date" : "1965-12-09",
		"revenue" : 0,
		"runtime" : 25,
		"movie_status" : "Released",
		"vote_average" : 7.5,
		"vote_count" : 153
	},
	{
		"movie_key" : 13197,
		"company_id" : 446,
		"title" : "10th & Wolf",
		"budget" : 8000000,
		"popularity" : 3.942464,
		"release_date" : "2006-02-19",
		"revenue" : 143451,
		"runtime" : 107,
		"movie_status" : "Released",
		"vote_average" : 6.3,
		"vote_count" : 24
	},
	{
		"movie_key" : 13198,
		"company_id" : 3561,
		"title" : "Wristcutters: A Love Story",
		"budget" : 0,
		"popularity" : 8.542921,
		"release_date" : "2006-01-24",
		"revenue" : 0,
		"runtime" : 88,
		"movie_status" : "Released",
		"vote_average" : 6.7,
		"vote_count" : 160
	},
	{
		"movie_key" : 13201,
		"company_id" : 60,
		"title" : "Deuces Wild",
		"budget" : 0,
		"popularity" : 0.753481,
		"release_date" : "2002-05-03",
		"revenue" : 0,
		"runtime" : 96,
		"movie_status" : "Released",
		"vote_average" : 5.5,
		"vote_count" : 34
	},
	{
		"movie_key" : 13282,
		"company_id" : 1950,
		"title" : "Death Race 2000",
		"budget" : 300000,
		"popularity" : 6.473667,
		"release_date" : "1975-04-27",
		"revenue" : 8000000,
		"runtime" : 80,
		"movie_status" : "Released",
		"vote_average" : 5.9,
		"vote_count" : 124
	},
	{
		"movie_key" : 13335,
		"company_id" : 12,
		"title" : "Harold & Kumar Escape from Guantanamo Bay",
		"budget" : 12000000,
		"popularity" : 26.219598,
		"release_date" : "2008-04-25",
		"revenue" : 43493123,
		"runtime" : 107,
		"movie_status" : "Released",
		"vote_average" : 6.2,
		"vote_count" : 497
	},
	{
		"movie_key" : 13362,
		"company_id" : 2740,
		"title" : "Taxi to the Dark Side",
		"budget" : 1000000,
		"popularity" : 0.748565,
		"release_date" : "2007-04-30",
		"revenue" : 274661,
		"runtime" : 106,
		"movie_status" : "Released",
		"vote_average" : 6.6,
		"vote_count" : 53
	},
	{
		"movie_key" : 13363,
		"company_id" : 2741,
		"title" : "The Man from Earth",
		"budget" : 0,
		"popularity" : 31.339015,
		"release_date" : "2007-06-10",
		"revenue" : 0,
		"runtime" : 87,
		"movie_status" : "Released",
		"vote_average" : 7.7,
		"vote_count" : 687
	},
	{
		"movie_key" : 13370,
		"company_id" : 97,
		"title" : "A Mighty Wind",
		"budget" : 6000000,
		"popularity" : 4.053017,
		"release_date" : "2003-04-16",
		"revenue" : 18750246,
		"runtime" : 91,
		"movie_status" : "Released",
		"vote_average" : 6.6,
		"vote_count" : 74
	},
	{
		"movie_key" : 13408,
		"company_id" : 1632,
		"title" : "The Wash",
		"budget" : 7000000,
		"popularity" : 2.453459,
		"release_date" : "2001-11-16",
		"revenue" : 10229331,
		"runtime" : 93,
		"movie_status" : "Released",
		"vote_average" : 5.3,
		"vote_count" : 26
	},
	{
		"movie_key" : 13476,
		"company_id" : 27,
		"title" : "Win a Date with Tad Hamilton!",
		"budget" : 17000000,
		"popularity" : 7.701041,
		"release_date" : "2004-01-23",
		"revenue" : 16980098,
		"runtime" : 95,
		"movie_status" : "Released",
		"vote_average" : 5.5,
		"vote_count" : 160
	},
	{
		"movie_key" : 13496,
		"company_id" : 10210,
		"title" : "American Outlaws",
		"budget" : 35000000,
		"popularity" : 6.727949,
		"release_date" : "2001-08-17",
		"revenue" : 13678913,
		"runtime" : 94,
		"movie_status" : "Released",
		"vote_average" : 5.7,
		"vote_count" : 55
	},
	{
		"movie_key" : 13497,
		"company_id" : 711,
		"title" : "Drumline",
		"budget" : 20000000,
		"popularity" : 4.748929,
		"release_date" : "2002-12-13",
		"revenue" : 57588485,
		"runtime" : 118,
		"movie_status" : "Released",
		"vote_average" : 6.2,
		"vote_count" : 116
	},
	{
		"movie_key" : 13503,
		"company_id" : 7405,
		"title" : "Texas Rangers",
		"budget" : 0,
		"popularity" : 5.641978,
		"release_date" : "2001-11-30",
		"revenue" : 0,
		"runtime" : 110,
		"movie_status" : "Released",
		"vote_average" : 5.4,
		"vote_count" : 19
	},
	{
		"movie_key" : 13569,
		"company_id" : 2776,
		"title" : "Thr3e",
		"budget" : 0,
		"popularity" : 1.946715,
		"release_date" : "2006-12-01",
		"revenue" : 0,
		"runtime" : 101,
		"movie_status" : "Released",
		"vote_average" : 4.8,
		"vote_count" : 21
	},
	{
		"movie_key" : 13576,
		"company_id" : 5,
		"title" : "Michael Jackson's This Is It",
		"budget" : 60000000,
		"popularity" : 15.798622,
		"release_date" : "2009-10-28",
		"revenue" : 0,
		"runtime" : 111,
		"movie_status" : "Released",
		"vote_average" : 6.7,
		"vote_count" : 247
	},
	{
		"movie_key" : 13579,
		"company_id" : 2780,
		"title" : "The Longshots",
		"budget" : 0,
		"popularity" : 4.030724,
		"release_date" : "2008-08-22",
		"revenue" : 0,
		"runtime" : 94,
		"movie_status" : "Released",
		"vote_average" : 6.5,
		"vote_count" : 11
	},
	{
		"movie_key" : 13649,
		"company_id" : 3213,
		"title" : "High School Musical 2",
		"budget" : 0,
		"popularity" : 21.01755,
		"release_date" : "2007-08-17",
		"revenue" : 7000000,
		"runtime" : 104,
		"movie_status" : "Released",
		"vote_average" : 6.1,
		"vote_count" : 843
	},
	{
		"movie_key" : 13682,
		"company_id" : 2,
		"title" : "Pooh's Heffalump Movie",
		"budget" : 0,
		"popularity" : 9.03154,
		"release_date" : "2005-02-11",
		"revenue" : 0,
		"runtime" : 68,
		"movie_status" : "Released",
		"vote_average" : 6.4,
		"vote_count" : 88
	},
	{
		"movie_key" : 13688,
		"company_id" : 2798,
		"title" : "長江七號",
		"budget" : 0,
		"popularity" : 12.373248,
		"release_date" : "2008-01-30",
		"revenue" : 47301471,
		"runtime" : 86,
		"movie_status" : "Released",
		"vote_average" : 6.1,
		"vote_count" : 107
	},
	{
		"movie_key" : 13689,
		"company_id" : 6292,
		"title" : "Peaceful Warrior",
		"budget" : 0,
		"popularity" : 8.326131,
		"release_date" : "2006-03-30",
		"revenue" : 0,
		"runtime" : 120,
		"movie_status" : "Released",
		"vote_average" : 7.3,
		"vote_count" : 90
	},
	{
		"movie_key" : 13700,
		"company_id" : 2,
		"title" : "Home on the Range",
		"budget" : 110000000,
		"popularity" : 19.625972,
		"release_date" : "2004-04-02",
		"revenue" : 103951461,
		"runtime" : 76,
		"movie_status" : "Released",
		"vote_average" : 5.7,
		"vote_count" : 389
	},
	{
		"movie_key" : 13768,
		"company_id" : 2,
		"title" : "Tuck Everlasting",
		"budget" : 0,
		"popularity" : 4.115398,
		"release_date" : "2002-10-11",
		"revenue" : 0,
		"runtime" : 90,
		"movie_status" : "Released",
		"vote_average" : 6.4,
		"vote_count" : 128
	},
	{
		"movie_key" : 13776,
		"company_id" : 8411,
		"title" : "Diner",
		"budget" : 0,
		"popularity" : 5.87193,
		"release_date" : "1982-04-02",
		"revenue" : 0,
		"runtime" : 110,
		"movie_status" : "Released",
		"vote_average" : 6.9,
		"vote_count" : 83
	},
	{
		"movie_key" : 13785,
		"company_id" : 97,
		"title" : "Best in Show",
		"budget" : 0,
		"popularity" : 10.982255,
		"release_date" : "2000-09-19",
		"revenue" : 0,
		"runtime" : 90,
		"movie_status" : "Released",
		"vote_average" : 6.7,
		"vote_count" : 166
	},
	{
		"movie_key" : 13820,
		"company_id" : 11463,
		"title" : "Repo Man",
		"budget" : 1500000,
		"popularity" : 11.35344,
		"release_date" : "1984-02-20",
		"revenue" : 2300000,
		"runtime" : 92,
		"movie_status" : "Released",
		"vote_average" : 6.7,
		"vote_count" : 144
	},
	{
		"movie_key" : 13824,
		"company_id" : 2822,
		"title" : "Superstar",
		"budget" : 0,
		"popularity" : 4.04701,
		"release_date" : "1999-10-08",
		"revenue" : 0,
		"runtime" : 81,
		"movie_status" : "Released",
		"vote_average" : 5.1,
		"vote_count" : 83
	},
	{
		"movie_key" : 13856,
		"company_id" : 2830,
		"title" : "Special",
		"budget" : 1000000,
		"popularity" : 1.260314,
		"release_date" : "2006-01-30",
		"revenue" : 7202,
		"runtime" : 81,
		"movie_status" : "Released",
		"vote_average" : 6.6,
		"vote_count" : 32
	},
	{
		"movie_key" : 13888,
		"company_id" : 441,
		"title" : "Return to the Blue Lagoon",
		"budget" : 11000000,
		"popularity" : 9.705589,
		"release_date" : "1991-08-02",
		"revenue" : 2807854,
		"runtime" : 98,
		"movie_status" : "Released",
		"vote_average" : 5.1,
		"vote_count" : 153
	},
	{
		"movie_key" : 13898,
		"company_id" : 2835,
		"title" : "دایره",
		"budget" : 0,
		"popularity" : 1.193779,
		"release_date" : "2000-09-08",
		"revenue" : 0,
		"runtime" : 90,
		"movie_status" : "Released",
		"vote_average" : 6.6,
		"vote_count" : 17
	},
	{
		"movie_key" : 13909,
		"company_id" : 6,
		"title" : "She Wore a Yellow Ribbon",
		"budget" : 1600000,
		"popularity" : 8.535178,
		"release_date" : "1949-10-22",
		"revenue" : 5400000,
		"runtime" : 103,
		"movie_status" : "Released",
		"vote_average" : 7.1,
		"vote_count" : 61
	},
	{
		"movie_key" : 13948,
		"company_id" : 5294,
		"title" : "An American Carol",
		"budget" : 20000000,
		"popularity" : 2.605374,
		"release_date" : "2008-10-03",
		"revenue" : 7000000,
		"runtime" : 83,
		"movie_status" : "Released",
		"vote_average" : 4.1,
		"vote_count" : 20
	},
	{
		"movie_key" : 13950,
		"company_id" : 12,
		"title" : "All About the Benjamins",
		"budget" : 14000000,
		"popularity" : 5.102258,
		"release_date" : "2002-03-08",
		"revenue" : 25482931,
		"runtime" : 95,
		"movie_status" : "Released",
		"vote_average" : 5.8,
		"vote_count" : 48
	},
	{
		"movie_key" : 13960,
		"company_id" : 6194,
		"title" : "ATL",
		"budget" : 20000000,
		"popularity" : 5.422285,
		"release_date" : "2006-03-31",
		"revenue" : 21170563,
		"runtime" : 105,
		"movie_status" : "Released",
		"vote_average" : 6,
		"vote_count" : 32
	},
	{
		"movie_key" : 13967,
		"company_id" : 288,
		"title" : "Miss Potter",
		"budget" : 30000000,
		"popularity" : 8.386432,
		"release_date" : "2006-12-03",
		"revenue" : 35078241,
		"runtime" : 92,
		"movie_status" : "Released",
		"vote_average" : 6.3,
		"vote_count" : 141
	},
	{
		"movie_key" : 13972,
		"company_id" : 12,
		"title" : "The Women",
		"budget" : 16000000,
		"popularity" : 8.8321,
		"release_date" : "2008-09-12",
		"revenue" : 50007546,
		"runtime" : 114,
		"movie_status" : "Released",
		"vote_average" : 4.6,
		"vote_count" : 96
	},
	{
		"movie_key" : 13991,
		"company_id" : 8411,
		"title" : "College",
		"budget" : 7000000,
		"popularity" : 7.034618,
		"release_date" : "2008-08-28",
		"revenue" : 6230276,
		"runtime" : 94,
		"movie_status" : "Released",
		"vote_average" : 4.8,
		"vote_count" : 48
	},
	{
		"movie_key" : 13994,
		"company_id" : 60,
		"title" : "Romance & Cigarettes",
		"budget" : 0,
		"popularity" : 4.056774,
		"release_date" : "2005-09-13",
		"revenue" : 2945242,
		"runtime" : 105,
		"movie_status" : "Released",
		"vote_average" : 6,
		"vote_count" : 33
	},
	{
		"movie_key" : 14034,
		"company_id" : 8411,
		"title" : "What's the Worst That Could Happen?",
		"budget" : 45000000,
		"popularity" : 7.185212,
		"release_date" : "2001-05-31",
		"revenue" : 0,
		"runtime" : 94,
		"movie_status" : "Released",
		"vote_average" : 5.1,
		"vote_count" : 66
	},
	{
		"movie_key" : 14054,
		"company_id" : 3058,
		"title" : "Snow Angels",
		"budget" : 0,
		"popularity" : 4.262374,
		"release_date" : "2008-03-07",
		"revenue" : 414404,
		"runtime" : 106,
		"movie_status" : "Released",
		"vote_average" : 6.5,
		"vote_count" : 48
	},
	{
		"movie_key" : 14057,
		"company_id" : 3935,
		"title" : "Trust the Man",
		"budget" : 9000000,
		"popularity" : 5.2545,
		"release_date" : "2005-09-01",
		"revenue" : 0,
		"runtime" : 103,
		"movie_status" : "Released",
		"vote_average" : 5.5,
		"vote_count" : 29
	},
	{
		"movie_key" : 14160,
		"company_id" : 3,
		"title" : "Up",
		"budget" : 175000000,
		"popularity" : 92.201962,
		"release_date" : "2009-05-13",
		"revenue" : 735099082,
		"runtime" : 96,
		"movie_status" : "Released",
		"vote_average" : 7.7,
		"vote_count" : 6870
	},
	{
		"movie_key" : 14165,
		"company_id" : 1569,
		"title" : "Ta Ra Rum Pum",
		"budget" : 0,
		"popularity" : 0.553752,
		"release_date" : "2007-04-27",
		"revenue" : 0,
		"runtime" : 156,
		"movie_status" : "Released",
		"vote_average" : 6,
		"vote_count" : 13
	},
	{
		"movie_key" : 14177,
		"company_id" : 8411,
		"title" : "Beauty Shop",
		"budget" : 25000000,
		"popularity" : 5.625632,
		"release_date" : "2005-06-02",
		"revenue" : 36351350,
		"runtime" : 105,
		"movie_status" : "Released",
		"vote_average" : 5.4,
		"vote_count" : 115
	},
	{
		"movie_key" : 14181,
		"company_id" : 12,
		"title" : "Boiler Room",
		"budget" : 26000000,
		"popularity" : 11.233081,
		"release_date" : "2000-02-18",
		"revenue" : 28780255,
		"runtime" : 118,
		"movie_status" : "Released",
		"vote_average" : 6.5,
		"vote_count" : 201
	},
	{
		"movie_key" : 14199,
		"company_id" : 10807,
		"title" : "The Adventures of Sharkboy and Lavagirl",
		"budget" : 50000000,
		"popularity" : 12.31101,
		"release_date" : "2005-06-10",
		"revenue" : 69425966,
		"runtime" : 92,
		"movie_status" : "Released",
		"vote_average" : 4.4,
		"vote_count" : 269
	},
	{
		"movie_key" : 14278,
		"company_id" : 446,
		"title" : "Murderball",
		"budget" : 300000,
		"popularity" : 1.085909,
		"release_date" : "2005-07-22",
		"revenue" : 1750211,
		"runtime" : 88,
		"movie_status" : "Released",
		"vote_average" : 6.9,
		"vote_count" : 23
	},
	{
		"movie_key" : 14292,
		"company_id" : 5888,
		"title" : "Miracle",
		"budget" : 28000000,
		"popularity" : 7.534003,
		"release_date" : "2004-02-06",
		"revenue" : 64445708,
		"runtime" : 135,
		"movie_status" : "Released",
		"vote_average" : 7,
		"vote_count" : 159
	},
	{
		"movie_key" : 14293,
		"company_id" : 12026,
		"title" : "Poolhall Junkies",
		"budget" : 0,
		"popularity" : 5.90259,
		"release_date" : "2002-06-07",
		"revenue" : 0,
		"runtime" : 99,
		"movie_status" : "Released",
		"vote_average" : 6.5,
		"vote_count" : 25
	},
	{
		"movie_key" : 14299,
		"company_id" : 21435,
		"title" : "Cadillac Records",
		"budget" : 12000000,
		"popularity" : 13.427427,
		"release_date" : "2008-12-05",
		"revenue" : 0,
		"runtime" : 109,
		"movie_status" : "Released",
		"vote_average" : 6.9,
		"vote_count" : 86
	},
	{
		"movie_key" : 14337,
		"company_id" : 446,
		"title" : "Primer",
		"budget" : 7000,
		"popularity" : 23.307949,
		"release_date" : "2004-10-08",
		"revenue" : 424760,
		"runtime" : 77,
		"movie_status" : "Released",
		"vote_average" : 6.9,
		"vote_count" : 658
	},
	{
		"movie_key" : 14396,
		"company_id" : 12,
		"title" : "Code Name: The Cleaner",
		"budget" : 20000000,
		"popularity" : 9.36146,
		"release_date" : "2007-01-05",
		"revenue" : 10337477,
		"runtime" : 84,
		"movie_status" : "Released",
		"vote_average" : 4.7,
		"vote_count" : 78
	},
	{
		"movie_key" : 14405,
		"company_id" : 2,
		"title" : "Beverly Hills Chihuahua",
		"budget" : 20000000,
		"popularity" : 12.25264,
		"release_date" : "2008-10-03",
		"revenue" : 149281606,
		"runtime" : 91,
		"movie_status" : "Released",
		"vote_average" : 4.9,
		"vote_count" : 209
	},
	{
		"movie_key" : 14411,
		"company_id" : 521,
		"title" : "Sinbad: Legend of the Seven Seas",
		"budget" : 60000000,
		"popularity" : 18.815442,
		"release_date" : "2003-07-02",
		"revenue" : 26288320,
		"runtime" : 86,
		"movie_status" : "Released",
		"vote_average" : 6.6,
		"vote_count" : 372
	},
	{
		"movie_key" : 14425,
		"company_id" : 23596,
		"title" : "PCU",
		"budget" : 9000000,
		"popularity" : 8.738737,
		"release_date" : "1994-04-29",
		"revenue" : 4350774,
		"runtime" : 79,
		"movie_status" : "Released",
		"vote_average" : 6,
		"vote_count" : 41
	},
	{
		"movie_key" : 14434,
		"company_id" : 43,
		"title" : "I Think I Love My Wife",
		"budget" : 11000000,
		"popularity" : 4.536745,
		"release_date" : "2007-03-16",
		"revenue" : 13196245,
		"runtime" : 90,
		"movie_status" : "Released",
		"vote_average" : 5,
		"vote_count" : 55
	},
	{
		"movie_key" : 14435,
		"company_id" : 1632,
		"title" : "My Bloody Valentine",
		"budget" : 15000000,
		"popularity" : 13.706357,
		"release_date" : "2009-01-16",
		"revenue" : 100734718,
		"runtime" : 101,
		"movie_status" : "Released",
		"vote_average" : 5.3,
		"vote_count" : 299
	},
	{
		"movie_key" : 14544,
		"company_id" : 43,
		"title" : "Roll Bounce",
		"budget" : 0,
		"popularity" : 2.596338,
		"release_date" : "2005-09-23",
		"revenue" : 0,
		"runtime" : 112,
		"movie_status" : "Released",
		"vote_average" : 6.1,
		"vote_count" : 27
	},
	{
		"movie_key" : 14629,
		"company_id" : 43,
		"title" : "Woman on Top",
		"budget" : 8000000,
		"popularity" : 3.535789,
		"release_date" : "2000-09-22",
		"revenue" : 0,
		"runtime" : 92,
		"movie_status" : "Released",
		"vote_average" : 5.5,
		"vote_count" : 46
	},
	{
		"movie_key" : 14655,
		"company_id" : 7405,
		"title" : "Soul Men",
		"budget" : 0,
		"popularity" : 5.483671,
		"release_date" : "2008-11-07",
		"revenue" : 0,
		"runtime" : 103,
		"movie_status" : "Released",
		"vote_average" : 6.3,
		"vote_count" : 47
	},
	{
		"movie_key" : 14662,
		"company_id" : 43,
		"title" : "Slums of Beverly Hills",
		"budget" : 5000000,
		"popularity" : 6.308298,
		"release_date" : "1998-08-14",
		"revenue" : 0,
		"runtime" : 91,
		"movie_status" : "Released",
		"vote_average" : 6.5,
		"vote_count" : 44
	},
	{
		"movie_key" : 14729,
		"company_id" : 60,
		"title" : "The Long Riders",
		"budget" : 10000000,
		"popularity" : 2.959547,
		"release_date" : "1980-05-12",
		"revenue" : 15795189,
		"runtime" : 99,
		"movie_status" : "Released",
		"vote_average" : 6.6,
		"vote_count" : 50
	},
	{
		"movie_key" : 14736,
		"company_id" : 4319,
		"title" : "Love & Basketball",
		"budget" : 20000000,
		"popularity" : 2.027393,
		"release_date" : "2000-04-21",
		"revenue" : 27728118,
		"runtime" : 124,
		"movie_status" : "Released",
		"vote_average" : 7.4,
		"vote_count" : 88
	},
	{
		"movie_key" : 14799,
		"company_id" : 2265,
		"title" : "For Your Consideration",
		"budget" : 12000000,
		"popularity" : 4.330428,
		"release_date" : "2006-11-22",
		"revenue" : 5542025,
		"runtime" : 86,
		"movie_status" : "Released",
		"vote_average" : 5.9,
		"vote_count" : 43
	},
	{
		"movie_key" : 14849,
		"company_id" : 8411,
		"title" : "Dead Like Me: Life After Death",
		"budget" : 0,
		"popularity" : 7.864905,
		"release_date" : "2009-02-17",
		"revenue" : 0,
		"runtime" : 87,
		"movie_status" : "Released",
		"vote_average" : 5.8,
		"vote_count" : 65
	},
	{
		"movie_key" : 14902,
		"company_id" : 441,
		"title" : "1776",
		"budget" : 0,
		"popularity" : 1.807571,
		"release_date" : "1972-11-09",
		"revenue" : 0,
		"runtime" : 142,
		"movie_status" : "Released",
		"vote_average" : 7.1,
		"vote_count" : 20
	},
	{
		"movie_key" : 14976,
		"company_id" : 1274,
		"title" : "Rachel Getting Married",
		"budget" : 0,
		"popularity" : 14.345428,
		"release_date" : "2008-10-03",
		"revenue" : 0,
		"runtime" : 113,
		"movie_status" : "Released",
		"vote_average" : 6.1,
		"vote_count" : 163
	}
]
